3262 5102
648 436 684 499 17

87 617 135 681 11.
162 617 208 680 11.
327 611 524 696 Τ991991391
543 612 622 677 vites
640 613 644 694 1
663 634 767 696 neque
788 611 997 677 Formiani

524 715 644 779 Pocula
669 715 805 779 colles

85 842 213 906 Harum
242 839 507 921 compositionum
536 856 590 915 93,
624 858 695 920 qua¹
717 839 797 904 fmes
826 860 935 905 versus
966 840 1049 903 tertii
1079 845 1110 904 et
1138 841 1245 905 adonii
1286 857 1290 949 J
1380 909 1381 914 ,

88 939 276 1016 concinant,
299 939 427 1018 9139191
449 951 559 998 919999
580 941 760 1001 memoratu
782 939 878 1019 digna
901 945 955 1003 est.
998 940 1080 1003 Nam
1103 942 1245 1005 omniurn
1287 964 1289 991 i

88 1039 117 1102 ei
138 1023 278 1101 maxime
303 1035 409 1100 studet
428 1035 560 1098 Flaccus
582 1055 620 1099 93
642 1035 681 1099 de
704 1055 817 1115 causa,
842 1042 992 1120 utputo,
1014 1042 1049 1101 ut
1070 1039 1248 1104 breviorem

88 1135 244 1201 adonium
259 1133 358 1198 artius
376 1135 522 1196 conectat
540 1152 613 1196 cum
628 1136 694 1218 tota
716 1134 856 1216 stropha.
893 1136 1004 1218 ltaque
1020 1155 1093 1199 curn
1110 1141 1249 1218 systema

89 1235 133 1298 ad
155 1232 286 1298 unitatis
307 1230 464 1294 rationem
486 1230 635 1308 reducat,
664 1251 729 1295 non
751 1233 960 1315 appendicem
990 1235 1045 1298 sed
1068 1236 1249 1299 membrum
1379 1239 1382 1248 ‘

88 1332 189 1395 totius
220 1330 370 1410 strophae
402 1327 555 1392 adonium
585 1348 652 1393 esse
681 1334 779 1393 curat
830 1329 1046 1409 Quamobrem
1084 1337 1250 1415 tantopere

90 1431 202 1513 utique
223 1431 308 1493 hanc
330 1428 467 1492 formam
489 1427 640 1492 Horatius
667 1430 699 1492 in
722 1449 789 1494 rem
814 1450 906 1495 suam
928 1433 1097 1510 convertit,
1126 1437 1251 1496 91191-

91 1548 188 1593 suum
211 1526 400 1591 adoniorum
420 1525 629 1591 ducentorum
654 1527 794 1610 quinque
816 1528 878 1592 hoc
899 1531 995 1595 modo
1009 1532 1048 1595 57
1068 1551 1142 1594 curn
1163 1536 1253 1595 ante-

92 1627 226 1691 cedente
246 1644 341 1690 99199
362 1625 550 1705 subiungat,
572 1624 605 1688 id
625 1629 674 1689 est
697 1625 822 1700 1:3²la.

177 1764 266 1828 Haec
296 1764 399 1829 1911113
423 1766 462 1829 de
483 1765 598 1847 insigni
627 1766 867 1849 comparatione
894 1786 953 1830 nos
979 1768 1146 1832 admonet:
1176 1769 1253 1832 ado·

94 1867 186 1929 nium
206 1866 291 1930 enim
309 1864 399 1942 effici,
422 1865 448 1928 si
466 1865 643 1930 hexametri
662 1862 925 1956 dactylicihpedes
947 1865 1076 1946 quintus
1097 1869 1128 1930 et
1149 1869 1255 1930 sextus

94 1964 311 2041 abscidantur,
334 1963 535 2045 grammatici
550 1964 654 2028 Latini
670 1958 879 2027 consentiunt.
919 1963 966 2025 Ac
982 1983 1016 2026 re
1031 1984 1106 2027 vera
1126 1984 1254 2046 compo-

94 2064 166 2143 sitio
196 2064 367 2128 verborum
399 2062 441 2126 illi
471 2064 638 2127 derivandi
674 2063 838 2129 doctrinae
869 2082 1063 2144 magnopere
1092 2064 1255 2127 subvenit:

94 2181 173 2227 nam
209 2180 274 2242 qua
307 2162 535 2242 compositione
566 2162 674 2225 adonii
710 2182 772 2226 vox
807 2162 919 2225 ultima
954 2162 1125 2244 respondet
1160 2161 1256 2224 exitui

94 2279 207 2324 versus
233 2259 465 2337 antecedentia,
496 2260 608 2323 eadem
637 2260 755 2325 heroici
776 2251 886 2323 uersus
906 2280 963 2341 pes
989 2265 1095 2324 sextus
1117 2261 1257 2325 crebrius

96 2356 261 2438 adaequat
282 2360 449 2437 quartum,
472 2356 533 2419 sic:
557 2411 564 2426 ,

95 2481 167 2543 Tib.
190 2479 213 2557 Ι,
239 2479 265 2557 1,
282 2481 317 2543 3:

118 2579 122 2592 ’
254 2593 357 2672 Quem
380 2593 471 2685 labor
492 2592 645 2657 adsiduus
668 2594 805 2659 vicino
825 2595 829 2672 1
848 2599 965 2661 1911931
984 2598 1111 2661 hoste.

96 2717 196 2782 Cuius
217 2717 264 2782 rei
286 2719 431 2814 exempla
454 2717 583 2782 abunde
605 2720 723 2781 extant.

182 2839 333 2904 Sednon
355 2838 457 2903 solum
479 2844 515 2903 ut
536 2838 598 2903 hoc
624 2839 721 2902 modo
743 2840 878 2903 adonius
900 2860 973 2904 cum
993 2840 1259 2922 hendecasyllabo

97 2939 192 3002 tertio
215 2940 416 3015 conectatur,
446 2936 513 2999 fieri
535 2941 656 3018 potest,
684 2937 910 3002 verumetiam
934 2939 959 3000 si
983 2939 1154 3021 inspexeris
1175 2938 1258 3000 hane

98 3054 290 3116 unagrnem:

528 3237 663 3299 1--1
682 3189 842 3314 13-1

609 3416 754 3491 5-9,

102 3667 157 3730 ubi
172 3665 298 3728 numeri
312 3665 480 3746 designant
498 3667 623 3748 singula
639 3667 796 3730 vocabula
813 3666 923 3730 ordine
941 3666 1054 3748 posita,
1074 3665 1263 3729 varietatem

103 3764 270 3846 quandam
306 3766 491 3829 conectendi
528 3763 653 3829 evenire
691 3765 853 3828 concedes.
905 3764 988 3827 Nam
1017 3765 1037 3826 6
1071 3762 1262 3844 respondere

103 3866 209 3944 potest
229 3863 258 3940 4,
282 3863 310 3938 3,
332 3862 361 3938 1,
385 3862 399 3925 1
431 3867 528 3944 atque
550 3864 569 3926 5
591 3866 696 3944 potest
719 3865 746 3940 3,
771 3863 799 3940 1,
823 3863 848 3924 1.
891 3861 1079 3925 Coniunctio
1100 3862 1165 3926 al
1190 3879 1263 3922 curn

104 3961 144 4023 sit
165 3959 343 4023 communis
361 3962 393 4022 et
407 3959 562 4024 sermonis
577 3945 717 4042 propria,
740 3960 911 4036 omittitur3
935 3961 968 4022 in
987 3961 1098 4024 ceteris
1116 3960 1264 4024 omnibus
1345 4039 1348 4046 .

105 4079 205 4139 quam
232 4058 366 4121 libenter
387 4060 530 4120 versatus
552 4057 591 4121 sit
617 4061 728 4138 99913,
758 4061 891 4120 testetur
922 4076 1073 4120 numerus
1099 4056 1150 4136 (113
1167 4080 1174 4120 :
1190 4055 1262 4136 105)

107 4157 234 4228 1:3¹lr.
276 4155 324 4218 Ac
347 4156 513 4219 commode
541 4157 717 4219 formarum
740 4156 937 4235 singularum
967 4155 1090 4235 singula
1118 4154 1264 4235 exempla

32 4325 33 4340 ,
105 4253 324 4335 proferantur:

33 4373 35 4380 ’
159 4385 308 4436 noemam.
645 4405 647 4412 ›
1087 4365 1103 4417 2
