3262 5102
658 439 697 502 37

109 637 178 679 nare
196 618 345 698 potuisse.
388 617 472 680 Nam
495 615 640 696 Flaccus,
669 621 723 701 qui
744 623 882 703 primuS,
912 627 948 686 ut
969 624 1084 688 Catulli
1106 628 1170 692 duo
1192 650 1261 694 car-

109 718 187 780 mina
212 717 481 810 praetermittam,
510 718 716 799 antiquorum
743 725 913 803 poetarum
941 725 1126 790 Lesbiorum
1161 750 1262 810 genus

110 818 234 880 canendi
256 816 367 880 litteris
389 817 508 881 Latinis
530 817 669 896 addidit,
695 840 894 903 quamquam
914 824 1019 887 minus
1036 825 1162 906 ingenio
1185 849 1261 910 poe·

109 919 164 981 tico
185 918 346 1000 animique
366 918 481 981 ardore
503 938 600 998 quam
625 919 748 984 ratione
768 926 800 984 et
822 923 951 987 consilio
973 925 1121 992 inductus
1141 949 1262 1010 magna
1307 983 1310 992 ,

110 1038 176 1081 cum
200 1023 268 1082 arte
296 1037 406 1081 versus
434 1020 562 1101 panxit,
592 1023 701 1083 tamen
730 1041 873 1086 summas
893 1043 1127 1107 nonnunquam
1151 1029 1261 1110 ingen·

109 1121 210 1199 tesque
230 1138 280 1182 res
301 1119 334 1181 in
350 1122 493 1182 artorum
508 1139 658 1182 versuum
680 1121 844 1202 angustias
859 1126 1045 1205 compressit
1068 1125 1118 1207 (cf.
1135 1127 1206 1191 libri
1222 1131 1261 1194 ΙΙΙ

109 1217 242 1281 carmina
263 1215 374 1297 2—6);
400 1222 431 1281 et
459 1217 661 1282 adhibendus
690 1220 719 1282 ei
749 1225 818 1284 erat
840 1241 944 1286 sermo
969 1243 1034 1287 non
1065 1227 1168 1290 mollis
1196 1249 1261 1292 non

109 1318 244 1381 volubilis
262 1319 319 1381 sed
340 1319 439 1381 durus
460 1323 492 1382 et
513 1319 555 1383 ad
574 1319 644 1382 leue
663 1320 845 1384 sonandum
867 1323 973 1386 urinas
996 1325 1138 1404 idoneus
1161 1348 1259 1409 quam

110 1419 224 1482 mobilis
249 1419 428 1500 habilisque
456 1419 506 1482 ille
529 1420 733 1484 Graecorum.
775 1422 886 1504 ltaque
903 1425 1063 1490 interdum
1087 1429 1189 1493 oratio
1211 1451 1260 1493 re-

109 1522 222 1599 pugnat
245 1522 356 1596 metro,
379 1519 466 1600 quod
493 1520 665 1583 verborum
694 1522 975 1603 compositionibus
1003 1547 1068 1590 non
1091 1530 1260 1593 commodo

110 1620 194 1682 luisse
213 1639 309 1682 nemo
330 1618 389 1682 erit
410 1619 466 1700 qui
486 1624 590 1700 neget.

183 1742 304 1820 Quibus
319 1743 359 1806 de
374 1743 478 1807 causis
492 1764 565 1808 cum
579 1744 809 1825 impedirentur
824 1745 945 1808 formae
962 1746 988 1808 1⁰
1003 1749 1034 1807 et
1049 1744 1120 1821 ur,
1137 1745 1261 1826 quomi-
1322 1715 1325 1722 ⁴
1388 1767 1392 1776 ·

110 1859 163 1903 nus
182 1843 321 1906 crebrius
343 1843 508 1924 prodirent
529 1845 561 1907 in
582 1844 761 1926 singulis
786 1844 945 1920 versibus
974 1864 1069 1926 saepe
1091 1863 1146 1906 eas
1165 1848 1261 1925 poeta

110 1941 146 2002 ad
165 1941 282 2005 binos
304 1961 413 2004 versus
434 1943 616 2024 applicavit,
639 1944 705 2006 sive
725 1947 761 2006 ut
784 1963 858 2006 cum
879 1943 987 2006 formis
1007 1943 1037 2006 X
1060 1948 1174 2007 coeant
1194 1943 1260 2007 sive

107 2060 156 2120 per
175 2061 208 2104 se
234 2043 356 2123 positae
382 2044 544 2124 legantur,
575 2044 719 2107 conferas
740 2063 905 2107 numeros:
935 2043 968 2105 iu
999 2043 1147 2107 omnibus
1174 2044 1260 2107 enim

107 2141 239 2205 versibus
267 2142 374 2206 adhuc
401 2142 545 2208 tractatis
579 2145 701 2208 formae
727 2144 754 2206 1⁰
774 2144 920 2225 exempla
955 2145 1160 2208 inveniuntur
1191 2145 1258 2222 153,

108 2241 218 2305 formae
238 2242 298 2328 isse,
313 2245 387 2322 135,
420 2265 547 2309 summa
569 2250 616 2309 est
639 2247 715 2323 288,
739 2266 804 2328 qua
825 2245 851 2308 si
874 2245 1025 2308 dividitur
1053 2225 1263 2326 stropharum

109 2365 247 2410 numerus
262 2348 332 2424 564,
356 2348 392 2410 fit
406 2348 489 2411 ratio
507 2348 584 2423 1:a;
606 2348 721 2429 quibus
736 2347 761 2411 si
777 2346 940 2410 adduntur
955 2348 1079 2408 ceterae
1094 2345 1215 2407 somnae
1230 2344 1259 2407 X

108 2464 269 2528 omnesque
289 2447 438 2525 levioreS,
467 2447 507 2510 de
536 2447 652 2529 quibus
674 2447 751 2511 satis
783 2446 988 2523 dictumest,
1018 2446 1154 2526 apparet
1175 2447 1259 2506 certe

108 2565 201 2624 usum,
229 2568 292 2630 quo
319 2548 418 2612 verba
444 2547 537 2611 certis
561 2549 637 2611 locis
664 2548 706 2611 ad
733 2568 899 2612 caesuram
923 2545 1141 2628 spectantibus
1163 2543 1258 2606 collo-

109 2651 225 2726 cantur,
260 2648 412 2712 latissime
456 2648 612 2729 patuisse,
652 2668 757 2730 neque
789 2649 822 2712 id
860 2648 986 2711 evenire
1021 2645 1161 2728 potuisse
1198 2643 1257 2706 nisi

110 2767 229 2812 caesura
248 2769 375 2812 summa
406 2748 568 2829 diligentia
590 2752 672 2812 esset
701 2752 864 2830 usurpata.
907 2748 942 2810 ln
972 2746 1150 2810 carminum
1172 2744 1257 2807 enim

109 2846 179 2912 libro
198 2849 246 2926 lV,
276 2849 332 2912 ubi
352 2849 384 2911 in
411 2848 550 2930 strophis
571 2849 732 2931 sapphicis
753 2848 862 2912 incisio
892 2852 965 2930 post
995 2847 1141 2927 quintam
1163 2844 1257 2926 sylla·
1327 2883 1329 2886 -

109 2946 176 3010 bam
209 2949 334 3030 saepius
366 2948 557 3029 neglegitur,
591 2969 663 3012 eam
692 2950 733 3013 ob
761 2970 830 3012 rem
859 2948 1077 3029 exemplorum
1106 2965 1258 3009 numerus

109 3046 257 3111 minuitur.
300 3047 344 3110 At
366 3048 391 3111 si
413 3047 603 3128 quisdicat,
632 3048 701 3129 ipsa
731 3068 863 3112 caesura
892 3047 1058 3128 diligenter
1087 3046 1257 3109 observata

110 3147 239 3211 accidere
267 3147 460 3228 oportuisse,
489 3153 525 3212 ut
550 3168 643 3212 voces
666 3149 711 3212 ita
740 3153 990 3230 componantur,
1021 3166 1126 3227 neque
1153 3145 1185 3208 id
1207 3145 1256 3207 vel

110 3245 208 3310 evitari
225 3247 375 3329 potuisse,
398 3247 479 3311 illius
500 3249 656 3312 sententia
679 3249 711 3312 in
728 3249 849 3312 nullam
872 3247 968 3311 aliam
984 3247 1121 3309 formam
1136 3245 1257 3309 'cadere

110 3347 197 3425 possit
222 3348 282 3412 nisi
312 3348 344 3411 in
372 3348 510 3413 formam
539 3350 561 3426 I,
590 3350 646 3413 sed
678 3349 759 3413 baec
788 3368 915 3430 quoque
946 3347 1022 3410 illud
1048 3345 1257 3428 opprobrium

110 3445 199 3525 reicit,
220 3448 338 3530 quippe
360 3468 433 3512 cum
458 3449 524 3513 eius
544 3450 722 3531 frequentia
744 3450 778 3512 in
796 3448 927 3528 singulis
949 3447 1143 3511 carminibus
1163 3448 1257 3511 valde

110 3543 230 3612 differat.
279 3549 325 3612 De
352 3548 461 3612 formis
487 3569 563 3613 vero
592 3550 622 3612 X
652 3553 684 3612 et
712 3550 739 3613 1⁸
761 3553 793 3612 et
820 3548 873 3611 1112
893 3547 999 3611 valeat
1029 3548 1150 3612 dictmn
1178 3546 1256 3610 hoc:
1299 3545 1301 3550 ’

111 3663 165 3724 quo
185 3648 286 3713 maius
311 3648 470 3731 latiusque
498 3653 545 3713 est
573 3649 729 3731 spatium,
760 3668 797 3712 eo
824 3649 930 3711 minus
957 3649 1019 3711 hae
1049 3647 1170 3711 formae
1198 3645 1257 3714 sua

18 3747 19 3750 ’
110 3750 210 3824 sponte
227 3748 273 3812 ori
319 3752 380 3811 tur.
417 3749 456 3812 Et
470 3752 584 3831 poetae
607 3749 661 3830 qui
679 3751 752 3830 post
769 3748 939 3812 Horatium
960 3748 992 3810 in
1014 3746 1127 3810 iisdem
1147 3746 1256 3810 metris

111 3845 347 3926 neglegentiores
364 3852 439 3912 suut
455 3848 582 3926 versati,
605 3847 693 3912 illum
714 3847 842 3911 consilio
859 3847 958 3910 verba
980 3847 1024 3911 ita
1042 3846 1256 3928 composuisse
1382 3863 1384 3868 ·

110 3941 267 4011 affirmant.

181 4068 379 4134 Postremum
402 4070 506 4135 facere
527 4091 592 4134 non
611 4091 752 4152 possum,
774 4070 852 4152 quin
874 4070 1055 4134 de‘duobus
1077 4070 1257 4152 systematis

112 4165 296 4249 asclepiadeo
347 4174 450 4235 metro
501 4175 533 4236 et
578 4171 732 4252 sapphico
778 4171 966 4252 propinquis
1009 4189 1114 4251 pauca
1158 4171 1257 4234 verba

111 4261 222 4332 facian.
262 4269 377 4352 Agitur
396 4291 472 4336 vero
494 4271 533 4335 de
561 4275 732 4353 systemate
754 4270 1025 4352 asclepiadeo
1054 4270 1201 4352 quinto
1224 4273 1256 4332 et
