3262 5102
656 439 693 502 51

33 661 34 688 1
108 619 173 684 lled.
194 618 266 696 614,
300 619 354 682 15:
391 618 476 683 exitu
501 617 926 700 diroltemerataponti

33 747 35 758 ν
552 717 643 781 iura
665 716 773 800 piavit,

109 817 137 882 ci.
155 817 275 900 Thyest.
299 817 376 895 621,
399 817 448 880 22.

52 955 54 962 ’
108 937 170 1002 Oed.
187 937 260 1014 427,
282 935 339 999 28:

222 1080 225 1088 .
286 1035 342 1116 qui
363 1034 444 1098 bibit
465 1034 597 1115 Gangen
616 1031 620 1112 1
639 1034 874 1116 niveumque
896 1036 1039 1118 quisquis

508 1132 626 1212 frangit
649 1132 821 1197 Araxen.

172 1251 308 1332 Denique
338 1268 442 1331 pauca
466 1247 585 1312 addam
616 1249 655 1312 de
684 1251 860 1332 anaphora.
903 1252 974 1330 Qua
1003 1253 1035 1316 in
1057 1253 1241 1318 adhibenda

33 1409 34 1414 ,
109 1350 255 1416 Horatium
277 1348 474 1414 familiariter
496 1368 564 1412 esse
580 1353 741 1413 versatum
765 1371 861 1432 supra
883 1353 1022 1433 exposui,
1045 1373 1103 1417 nec
1120 1354 1240 1418 Seneca

109 1455 271 1532 superatur,
300 1469 378 1514 nam
403 1449 516 1513 eadem
540 1449 696 1513 vocabula
716 1451 766 1514 vel
794 1451 852 1515 sihi
883 1451 996 1515 similia
1019 1454 1252 1535 contrariaque,

110 1551 184 1614 cerlis
199 1551 280 1627 locis,
302 1551 365 1614 hoc
382 1553 430 1613 est
450 1549 483 1612 in
500 1548 595 1612 initiis
611 1567 761 1613 versuum
778 1569 952 1632 eorumque
973 1551 1122 1633 partium,
1145 1574 1241 1636 saepe

109 1653 256 1728 iterantur3
287 1650 433 1733 exempla
453 1649 529 1714 satis
551 1647 683 1726 adsunt,
705 1649 797 1714 Herc.
820 1649 878 1714 sur.
904 1651 979 1728 577,
1003 1653 1058 1716 78:

314 1766 474 1831 deflent
494 1765 673 1846 Eurydicen
692 1763 696 1844 Ι
715 1765 880 1831 Threiciae
902 1786 1001 1831 nurus

313 1864 472 1929 deflent
496 1867 526 1928 et
549 1862 687 1928 lacrimis
705 1863 709 1944 1
729 1863 870 1928 difficiles
893 1865 952 1942 dei,

109 1984 152 2046 sed
171 2003 238 2048 cum
259 1982 368 2047 omnia
393 1981 588 2063 perscribere
610 1980 740 2062 longum
761 1982 816 2060 sit,
845 1981 922 2046 satis
944 1983 1065 2047 dictum
1094 1988 1172 2066 puto
1193 1985 1241 2048 iu·

109 2082 210 2148 venisse
228 2103 280 2147 me
293 2082 439 2164 exempla
458 2080 670 2163 quadraginta
692 2085 867 2163 quattuort
887 2081 1115 2148 Verumtamen
1136 2104 1241 2166 pauca
1263 2083 1269 2096 ’

109 2181 257 2262 singularia
289 2182 444 2245 adnotare
472 2180 592 2261 placet,
625 2180 712 2243 velut
731 2179 823 2243 Herc.
846 2180 914 2244 Oet.
940 2182 1099 2246 154-158
1131 2181 1241 2266 (padi-
1313 2243 1318 2258 ,

110 2282 182 2346 culae
200 2281 247 2346 ‘et'
269 2284 368 2362 atque
389 2276 502 2359 ‘non'),
524 2277 640 2342 Troad.
664 2280 805 2343 386—88
830 2277 950 2361 l‘quo‘),
974 2281 1066 2360 Herc.
1090 2281 1148 2346 sur.
1170 2285 1240 2362 838,

107 2379 151 2456 lu,
176 2381 227 2458 n,
254 2381 311 2456 48,
351 2378 478 2460 Tmest.
509 2377 651 2442 573-75
684 2375 808 2459 l‘iam‘),
846 2379 1006 2456 613-16,
1046 2380 1138 2445 Herc.
1171 2383 1239 2447 Oet.

109 2478 256 2543 1521-25.

172 2594 248 2676 Apte
275 2593 346 2657 hic·
362 2593 537 2673 sequuntur
564 2591 736 2656 nonnullae
764 2592 845 2656 aliae
859 2593 1010 2688 ..liguram
1042 2615 1125 2677 quae
1154 2557 1241 2679 quod

107 2691 177 2770 apud
195 2692 346 2756 Senecam
372 2689 449 2754 artis
475 2690 651 2754 rhetoricae
679 2690 904 2771 peritissimum
927 2699 1096 2771 occurant,
1124 2697 1240 2760 mirum

107 2796 227 2855 nonest.
268 2790 327 2856 Cui
352 2789 527 2870 figurarum
550 2789 656 2869 generi
677 2788 853 2853 adnumero
877 2790 952 2853 has:
974 2790 1090 2856 Troad.
1113 2795 1188 2858 399:

256 2976 259 2984 ,
301 2925 412 2988 spem
432 2909 556 2986 ponant
578 2905 665 2972 uvidi
684 2906 688 2984 Ι
707 2905 835 2970 solliciti
855 2909 1021 2983 metum,

107 3016 223 3085 chaeur.
245 3023 340 3086 naa:
1054 3001 1057 3012 '

327 3137 455 3200 Euros
475 3134 636 3217 excipiunt
654 3135 658 3215 Ι
678 3135 835 3218 excipiunt
855 3135 997 3214 Notos,

107 3249 136 3311 ct.
153 3251 181 3314 in
201 3253 340 3317 versibus
361 3250 442 3315 Med.
464 3251 615 3330 584-85,
636 3252 685 3329 87,
707 3254 747 3315 90
770 3252 959 3333 positionem
981 3253 1146 3317 nominum
1166 3250 1240 3336 pro·

106 3364 236 3426 priorum.
977 3377 981 3386 ‚

172 3467 286 3532 Deinde
310 3467 434 3549 quoties
463 3466 697 3531 substantivum
720 3465 850 3548 aliquod
873 3466 988 3548 accipit
1014 3468 1170 3533 adiectiva
1191 3469 1240 3532 vel

106 3565 252 3648 participia
274 3566 460 3647 compluria,
482 3568 578 3648 poeta
596 3565 678 3628 bene
696 3565 862 3646 disponere
885 3585 922 3630 ea
945 3567 1023 3629 solet
1045 3568 1137 3630 certis
1155 3569 1239 3645 locis,

106 3659 135 3722 cf.
159 3663 235 3729 Med.
262 3666 404 3730 ult—49
435 3662 544 3745 (tener
566 3699 605 3708 -
627 3683 728 3746 puer
750 3699 789 3706 -
809 3664 986 3746 inrepertus
1006 3671 1178 3748 -raptus
1200 3703 1240 3710 -
1328 3716 1332 3723 .

106 3762 224 3845 puer‘),
252 3764 415 3829 599-602
446 3751 563 3843 (ausus
583 3764 813 3846 -·immemor
844 3799 883 3806 -
912 3764 1075 3830 iuvenis
1102 3802 1142 3810 -—
1164 3766 1240 3830 furi·

106 3873 213 3921 osus-
228 3845 458 3945 assisam.
475 3861 626 3926 sao-aa.
649 3861 777 3941 Thyest.
794 3862 964 3926 seo-sor.
986 3863 1068 3927 Meu.
1081 3865 1240 3929 ror-105

106 3950 235 4040 l‘ereplus
262 3998 301 4005 —
330 3961 439 4026 solitus
463 3995 502 4004 -
524 3961 667 4042 trepidus
695 3994 734 4001 -
767 3959 839 4022 felix
861 3962 1066 4043 —esponse‘l
1086 3993 1087 3997 ¹
1109 3964 1173 4027 Sed
1199 3984 1240 4027 ne

106 4051 144 4117 his
179 4061 302 4140 quidem
341 4060 558 4144 exemplorum
587 4077 739 4122 numerus
770 4060 812 4121 ad
848 4059 944 4122 finem
979 4062 1151 4142 perductus
1183 4068 1238 4127 est.

105 4151 234 4235 Figuram
255 4181 382 4244 quoque
404 4157 635 4226 allitterationis
656 4158 777 4221 Seneca
798 4178 863 4222 non
888 4161 1022 4242 spernit,
1051 4163 1123 4226 vide
1143 4163 1239 4227 modo

105 4266 196 4318 versus
215 4255 295 4322 Med.
317 4257 476 4324 579—83:
517 4309 520 4314 .

1070 4375 1103 4428 4*
