3262 5102
664 421 701 486 19

286 607 403 673 Clare
424 606 591 670 Maecenas
610 604 614 684 1
633 623 772 686 eques
796 606 832 665 ut
851 605 976 683 paterni

284 707 436 770 Fluminis
458 706 547 787 ripae
567 705 570 785 1
589 705 682 768 simul
706 709 737 768 et
756 706 861 769 iocosa
932 717 937 734 '

285 804 448 871 Redderet
469 805 579 870 laudes
598 802 602 882 1
620 803 677 867 tibi
699 803 856 867 Vaticani,
937 803 939 808 '

525 901 640 967 Montis
662 901 775 982 imopo.

285 1018 469 1082 Caecubum
491 1022 522 1082 et
541 1017 657 1099 prelo
676 1016 680 1097 1
700 1016 852 1083 domitam
873 1019 1025 1084 Caleno

286 1115 480 1180 Tum-bibes
501 1137 611 1179 rivom:
632 1117 636 1194 1
654 1132 727 1180 mea
746 1136 805 1181 nec
825 1117 1026 1181 Falernae

285 1215 480 1298 Temperant
502 1215 609 1279 vites
628 1215 631 1294 1
651 1235 754 1297 neque
775 1216 946 1280 Formiani

526 1311 651 1378 Pocula
672 1317 772 1380 colles:

97 1433 133 1496 ln
156 1433 217 1499 hoc
239 1431 379 1496 carmine
399 1451 598 1512 quamquam
616 1431 860 1512 compositiones
881 1431 960 1496 tales
981 1449 1046 1493 non
1068 1429 1254 1508 invenimus

98 1530 216 1611 quibus
238 1529 338 1592 exitus
360 1529 509 1592 binorum
527 1549 678 1593 versuum
696 1531 745 1593 vel
767 1529 857 1593 initia
877 1529 1033 1610 praebent
1055 1528 1153 1593 verba
1176 1531 1256 1594 inter
1367 1565 1369 1574 ι

96 1649 130 1693 se
152 1626 387 1709 respondentia,
410 1629 519 1689 tamen
539 1647 596 1692 eae
617 1629 649 1690 in
672 1627 832 1709 sapphicis
854 1627 991 1690 existunt
1013 1627 1139 1708 saepius
1158 1647 1255 1709 quam

97 1728 130 1791 in
156 1725 377 1808 asclepiadem,
406 1725 461 1788 ubi
488 1745 591 1806 paene
621 1725 750 1789 omnino
780 1745 834 1789 eas
863 1725 971 1789 deesse
1000 1744 1096 1806 supra
1126 1726 1256 1791 demon-

96 1828 295 1910 stravimus¹
321 1825 423 1903 Initia,
445 1846 528 1906 quae
545 1819 724 1903 concinant,
748 1826 781 1890 in
796 1826 939 1890 versibus
957 1825 1117 1906 sapphicis
1133 1826 1256 1907 reperio

96 1928 229 2011 septica,
251 1926 322 1990 dico
344 1925 438 1988 tales:
467 1924 510 2002 H,
532 1924 568 2001 6,
593 1924 692 1987 11111

344 2039 471 2103 Dulce
492 2038 607 2119 pellitis
626 2040 629 2119 1
649 2040 761 2104 ovibus
782 2038 907 2103 Galaesi

342 2138 514 2201 Flumen
535 2140 566 2201 et
589 2141 724 2218 regnata
744 2140 854 2218 petam
876 2136 1002 2201 Laconi.

96 2256 135 2318 cf.
158 2255 193 2332 ll,
214 2255 242 2332 6,
268 2253 371 2318 1311
399 2289 438 2296 -—
468 2253 496 2330 8,
520 2253 581 2316 1.1
610 2288 650 2296 -
681 2255 727 2332 16,
749 2254 798 2317 11.
814 2255 854 2319 13
880 2291 919 2298 -
947 2254 996 2330 ΙΙΙ,
1021 2254 1067 2331 11,
1089 2255 1137 2318 33.
1154 2255 1194 2318 31
1216 2290 1255 2298 -

97 2356 146 2431 18,
169 2355 198 2416 6.
215 2353 288 2416 7-
305 2371 401 2414 carm.
424 2371 505 2414 saec.
529 2351 577 2414 11.
594 2351 649 2428 11,
672 2352 787 2433 quibus
807 2351 1011 2416 adnumerari
1028 2353 1162 2432 possunt
1181 2351 1203 2428 l,
1225 2352 1254 2428 1,

62 2454 202 2527 ,4646
225 2488 264 2496 -
290 2453 336 2529 10,
360 2452 388 2514 5.
405 2452 432 2514 6.
450 2451 468 2514 7
489 2486 529 2494 -
550 2451 596 2528 11,
619 2451 668 2515 16.
685 2452 734 2515 17.
778 2451 899 2533 Septies
916 2471 1043 2533 quoque
1067 2454 1162 2533 poeta
1176 2451 1255 2514 fines
1384 2544 1388 2552 J

94 2551 246 2615 binorum
269 2569 418 2614 versuum
442 2554 651 2613 consonantes
673 2550 810 2613 inducit:
833 2551 854 2628 l,
877 2551 905 2628 1,
931 2552 978 2615 13.
996 2551 1047 2614 11ε

334 2665 478 2728 Vidimus
498 2665 619 2728 flavum
638 2663 642 2744 1
661 2664 801 2728 Tiberim
822 2665 997 2728 retortis

337 2763 442 2827 Litore
462 2764 594 2827 Etrusco
613 2761 617 2841 1
636 2762 789 2826 violenter
809 2762 939 2825 undis.

94 2879 192 2944 ceteri
215 2882 289 2941 sunt
316 2897 426 2942 versus
446 2878 482 2955 ll,
502 2879 532 2955 l,
558 2879 604 2942 13.
623 2877 676 2952 143
710 2877 738 2953 6,
760 2876 881 2951 11.13;
914 2877 960 2953 16,
982 2875 1102 2950 13.11;
1132 2874 1181 2950 ΙΠ,
1203 2873 1252 2950 17,

92 2977 122 3040 1.
141 2977 176 3052 3;
205 2963 255 3053 IV,
281 2977 328 3052 11,
348 2975 469 3053 16.17;
500 2995 597 3040 carm.
621 2992 702 3036 saec.
726 2974 773 3038 37.
792 2975 839 3038 38.

176 3091 319 3156 Breviter
347 3093 475 3173 insuper
507 3090 703 3154 mentionem
734 3090 849 3154 seciam
879 3092 1017 3168 formae,
1049 3109 1113 3170 qua
1144 3107 1253 3151 versus

92 3210 170 3273 pars
190 3193 326 3271 utraque
348 3189 393 3254 ita
414 3190 548 3253 collocat
569 3189 677 3264 verba,
698 3192 734 3250 ut
754 3207 816 3251 vox
835 3189 995 3267 quaedam
1018 3187 1252 3251 substantivum

92 3294 125 3354 et
147 3289 340 3353 adiectivum
362 3287 530 3350 discernat.
574 3285 711 3366 Singulis
733 3286 884 3367 exemplis
900 3285 1081 3368 praemissis
1102 3303 1252 3347 numeros

92 3388 214 3452 addere
236 3385 385 3450 sufficiet:
414 3385 515 3465 partis
536 3383 649 3463 prioris
670 3382 692 3459 1,
716 3382 744 3459 1,
768 3384 822 3446 1οε

331 3481 361 3545 N
369 3484 436 3545 ota
456 3498 540 3560 quae
561 3479 679 3572 sedes
698 3478 701 3558 1
720 3480 824 3543 fuerat
846 3480 1007 3544 columbis.

95 3581 243 3664 exempla
264 3584 337 3645 sunt
360 3580 413 3654 1o;
442 3580 543 3661 partis
562 3575 745 3660 posterioris
765 3576 813 3654 lll,
835 3577 884 3654 17,
907 3578 963 3640 57:
1074 3637 1080 3648 ,

314 3681 390 3744 Vilis
411 3681 535 3759 Europe
554 3676 558 3756 1
577 3679 695 3757 pater
716 3679 831 3756 urguet
850 3678 1007 3740 absens

93 3783 169 3842 sunt
190 3779 218 3856 7,
239 3778 346 3856 itaque
366 3779 403 3843 fit
423 3777 504 3842 ratio
525 3774 577 3857 (17
593 3797 600 3838 :
616 3773 689 3855 6151
714 3774 728 3837 1
748 3796 754 3836 :
771 3775 818 3837 36.

177 3893 216 3956 Et
236 3893 316 3957 haec
343 3893 507 3956 hactenus.
551 3888 698 3954 Ceterum
726 3889 845 3969 figuras
867 3901 993 3966 quoque
1020 3881 1193 3947 rhetoricas
1218 3878 1249 3940 in

94 3991 256 4074 sapphicis
276 3991 418 4055 versibus
441 4000 501 4054 usu
521 3989 571 4052 vel
591 3989 731 4052 maximo
754 3986 815 4051 frui
837 3986 944 4050 docuit
964 3985 1073 4048 Peters
1094 3980 1113 4042 l.
1136 3998 1161 4040 c.
1260 4021 1262 4026 -

1365 1900 1400 1953 s

1302 1954 1364 2008 027

1411 2394 1435 2450 11
