<?xml version="1.0" encoding="UTF-8"?>
<!DOCTYPE html PUBLIC "-//W3C//DTD XHTML 1.0 Transitional//EN"
    "http://www.w3.org/TR/xhtml1/DTD/xhtml1-transitional.dtd">
<html xmlns="http://www.w3.org/1999/xhtml" xml:lang="en" lang="en">
 <head>
  <title>
</title>
<meta http-equiv="Content-Type" content="text/html;charset=utf-8" />
  <meta name='ocr-system' content='tesseract 3.04.00' />
  <meta name='ocr-capabilities' content='ocr_page ocr_carea ocr_par ocr_line ocrx_word'/>
</head>
<body>
  <div class='ocr_page' id='page_1' title='image "./demetrorumlyric00reicgoog_0053.png"; bbox 0 0 3262 5102; ppageno 0'>
   <div class='ocr_carea' id='block_1_1' title="bbox 913 394 960 488">
    <p class='ocr_par' dir='ltr' id='par_1_1' title="bbox 913 394 960 488">
     <span class='ocr_line' id='line_1_1' title="bbox 913 394 960 488; baseline 0 -84"><span class='ocrx_word' id='word_1_1' title='bbox 913 394 960 488; x_wconf 77' lang='lat' dir='ltr'>u</span> 
     </span>
    </p>
   </div>
   <div class='ocr_carea' id='block_1_2' title="bbox 246 599 1518 1181">
    <p class='ocr_par' dir='ltr' id='par_1_2' title="bbox 246 599 1518 1181">
     <span class='ocr_line' id='line_1_2' title="bbox 246 599 1515 683; baseline -0.006 -15"><span class='ocrx_word' id='word_1_2' title='bbox 246 615 249 623; x_wconf 84' lang='grc'><strong>“</strong></span> <span class='ocrx_word' id='word_1_3' title='bbox 350 604 524 668; x_wconf 82' lang='lat' dir='ltr'>memoriae</span> <span class='ocrx_word' id='word_1_4' title='bbox 539 603 602 668; x_wconf 88' lang='lat' dir='ltr'>sint</span> <span class='ocrx_word' id='word_1_5' title='bbox 616 603 725 668; x_wconf 79' lang='lat' dir='ltr'>traditi</span> <span class='ocrx_word' id='word_1_6' title='bbox 738 623 847 667; x_wconf 87' lang='lat' dir='ltr'>versus</span> <span class='ocrx_word' id='word_1_7' title='bbox 863 602 982 679; x_wconf 91' lang='lat' dir='ltr'>alcaici‚</span> <span class='ocrx_word' id='word_1_8' title='bbox 999 601 1143 683; x_wconf 83' lang='lat' dir='ltr'>sapphici</span> <span class='ocrx_word' id='word_1_9' title='bbox 1155 599 1303 676; x_wconf 87' lang='lat' dir='ltr'>minores,</span> <span class='ocrx_word' id='word_1_10' title='bbox 1321 599 1515 680; x_wconf 88' lang='lat' dir='ltr'>asclepiadei</span> 
     </span>
     <span class='ocr_line' id='line_1_3' title="bbox 352 699 1517 787; baseline -0.003 -21"><span class='ocrx_word' id='word_1_11' title='bbox 352 705 490 768; x_wconf 92' lang='lat' dir='ltr'>minores</span> <span class='ocrx_word' id='word_1_12' title='bbox 501 704 531 787; x_wconf 92' lang='lat'>¹).</span> <span class='ocrx_word' id='word_1_13' title='bbox 572 704 645 768; x_wconf 93' lang='lat' dir='ltr'>Una</span> <span class='ocrx_word' id='word_1_14' title='bbox 667 707 753 767; x_wconf 89' lang='lat' dir='ltr'>extat</span> <span class='ocrx_word' id='word_1_15' title='bbox 773 703 931 784; x_wconf 78' lang='lat' dir='ltr'>exceptio:</span> <span class='ocrx_word' id='word_1_16' title='bbox 955 703 1111 767; x_wconf 87' lang='lat' dir='ltr'>Stobaeus</span> <span class='ocrx_word' id='word_1_17' title='bbox 1130 701 1215 764; x_wconf 88' lang='lat' dir='ltr'>enim</span> <span class='ocrx_word' id='word_1_18' title='bbox 1236 700 1269 763; x_wconf 96' lang='lat' dir='ltr'>in</span> <span class='ocrx_word' id='word_1_19' title='bbox 1288 699 1378 763; x_wconf 86' lang='lat' dir='ltr'>lloril.</span> <span class='ocrx_word' id='word_1_20' title='bbox 1395 699 1460 776; x_wconf 83' lang='lat' dir='ltr'>Vll,</span> <span class='ocrx_word' id='word_1_21' title='bbox 1481 701 1517 762; x_wconf 88' lang='grc'>13</span> 
     </span>
     <span class='ocr_line' id='line_1_4' title="bbox 353 798 1517 884; baseline -0.003 -20"><span class='ocrx_word' id='word_1_22' title='bbox 353 802 492 866; x_wconf 90' lang='lat' dir='ltr'>servavit</span> <span class='ocrx_word' id='word_1_23' title='bbox 516 822 646 866; x_wconf 91' lang='lat' dir='ltr'>carmen</span> <span class='ocrx_word' id='word_1_24' title='bbox 668 821 726 884; x_wconf 90' lang='lat' dir='ltr'>per</span> <span class='ocrx_word' id='word_1_25' title='bbox 746 802 916 883; x_wconf 89' lang='lat' dir='ltr'>sapphicas</span> <span class='ocrx_word' id='word_1_26' title='bbox 940 801 1088 883; x_wconf 92' lang='lat' dir='ltr'>strophas</span> <span class='ocrx_word' id='word_1_27' title='bbox 1109 800 1305 881; x_wconf 85' lang='lat' dir='ltr'>dispositum,</span> <span class='ocrx_word' id='word_1_28' title='bbox 1329 799 1418 880; x_wconf 91' lang='lat' dir='ltr'>quod</span> <span class='ocrx_word' id='word_1_29' title='bbox 1439 798 1517 879; x_wconf 91' lang='lat' dir='ltr'>quin</span> 
     </span>
     <span class='ocr_line' id='line_1_5' title="bbox 352 897 1516 984; baseline -0.003 -21"><span class='ocrx_word' id='word_1_30' title='bbox 352 897 499 966; x_wconf 85' lang='lat' dir='ltr'>Melinno</span> <span class='ocrx_word' id='word_1_31' title='bbox 526 902 650 984; x_wconf 83' lang='lat' dir='ltr'>poetria</span> <span class='ocrx_word' id='word_1_32' title='bbox 679 902 790 966; x_wconf 82' lang='lat' dir='ltr'>incerti</span> <span class='ocrx_word' id='word_1_33' title='bbox 812 902 882 966; x_wconf 89' lang='lat' dir='ltr'>aevi</span> <span class='ocrx_word' id='word_1_34' title='bbox 905 900 1138 983; x_wconf 83' lang='lat' dir='ltr'>conscripserit,</span> <span class='ocrx_word' id='word_1_35' title='bbox 1168 919 1263 962; x_wconf 91' lang='lat' dir='ltr'>nemo</span> <span class='ocrx_word' id='word_1_36' title='bbox 1291 899 1356 977; x_wconf 88' lang='lat' dir='ltr'>iam</span> <span class='ocrx_word' id='word_1_37' title='bbox 1379 898 1516 960; x_wconf 87' lang='lat' dir='ltr'>dubitat.</span> 
     </span>
     <span class='ocr_line' id='line_1_6' title="bbox 352 997 1518 1082; baseline -0.002 -20"><span class='ocrx_word' id='word_1_38' title='bbox 352 1000 400 1063; x_wconf 86' lang='lat' dir='ltr'>Ac</span> <span class='ocrx_word' id='word_1_39' title='bbox 419 1000 536 1064; x_wconf 82' lang='lat' dir='ltr'>Birtius</span> <span class='ocrx_word' id='word_1_40' title='bbox 563 1001 582 1064; x_wconf 89' lang='lat' dir='ltr'>l.</span> <span class='ocrx_word' id='word_1_41' title='bbox 605 1001 624 1064; x_wconf 94' lang='lat' dir='ltr'>l.</span> <span class='ocrx_word' id='word_1_42' title='bbox 647 1021 700 1082; x_wconf 87' lang='lat' dir='ltr'>pg.</span> <span class='ocrx_word' id='word_1_43' title='bbox 723 1001 779 1064; x_wconf 87' lang='lat' dir='ltr'>XII</span> <span class='ocrx_word' id='word_1_44' title='bbox 799 1001 872 1064; x_wconf 87' lang='lat' dir='ltr'>adn.</span> <span class='ocrx_word' id='word_1_45' title='bbox 897 1002 911 1064; x_wconf 89' lang='lat' dir='ltr'>l</span> <span class='ocrx_word' id='word_1_46' title='bbox 944 1001 1025 1064; x_wconf 90' lang='lat' dir='ltr'>bene</span> <span class='ocrx_word' id='word_1_47' title='bbox 1053 1003 1202 1079; x_wconf 90' lang='lat' dir='ltr'>recteque</span> <span class='ocrx_word' id='word_1_48' title='bbox 1230 997 1413 1061; x_wconf 82' lang='lat' dir='ltr'>observavit</span> <span class='ocrx_word' id='word_1_49' title='bbox 1441 999 1518 1060; x_wconf 91' lang='lat' dir='ltr'>rati-</span> 
     </span>
     <span class='ocr_line' id='line_1_7' title="bbox 353 1097 1518 1181; baseline -0.003 -20"><span class='ocrx_word' id='word_1_50' title='bbox 353 1118 448 1162; x_wconf 89' lang='lat' dir='ltr'>onem</span> <span class='ocrx_word' id='word_1_51' title='bbox 476 1119 586 1163; x_wconf 89' lang='lat' dir='ltr'>versus</span> <span class='ocrx_word' id='word_1_52' title='bbox 615 1100 775 1164; x_wconf 91' lang='lat' dir='ltr'>incidendi</span> <span class='ocrx_word' id='word_1_53' title='bbox 804 1098 898 1181; x_wconf 88' lang='lat' dir='ltr'>(inter</span> <span class='ocrx_word' id='word_1_54' title='bbox 926 1099 1108 1181; x_wconf 89' lang='lat' dir='ltr'>quindecim</span> <span class='ocrx_word' id='word_1_55' title='bbox 1136 1097 1423 1178; x_wconf 82' lang='lat' dir='ltr'>hendecasyllabos</span> <span class='ocrx_word' id='word_1_56' title='bbox 1447 1116 1518 1159; x_wconf 90' lang='lat' dir='ltr'>cae-</span> 
     </span>
    </p>
   </div>
   <div class='ocr_carea' id='block_1_3' title="bbox 236 1196 1519 1282">
    <p class='ocr_par' dir='ltr' id='par_1_3' title="bbox 236 1196 1519 1282">
     <span class='ocr_line' id='line_1_8' title="bbox 236 1196 1519 1282; baseline -0.004 -20"><span class='ocrx_word' id='word_1_57' title='bbox 236 1197 246 1216; x_wconf 84' lang='lat'><strong><em>‘</em></strong></span> <span class='ocrx_word' id='word_1_58' title='bbox 353 1218 428 1263; x_wconf 93' lang='lat' dir='ltr'>sura</span> <span class='ocrx_word' id='word_1_59' title='bbox 450 1198 536 1263; x_wconf 88' lang='lat' dir='ltr'>cadit</span> <span class='ocrx_word' id='word_1_60' title='bbox 557 1200 661 1264; x_wconf 88' lang='lat' dir='ltr'>decies</span> <span class='ocrx_word' id='word_1_61' title='bbox 682 1203 755 1282; x_wconf 91' lang='lat' dir='ltr'>post</span> <span class='ocrx_word' id='word_1_62' title='bbox 777 1201 923 1281; x_wconf 88' lang='lat' dir='ltr'>quintam</span> <span class='ocrx_word' id='word_1_63' title='bbox 945 1197 1113 1281; x_wconf 79' lang='lat' dir='ltr'>syllabam)</span> <span class='ocrx_word' id='word_1_64' title='bbox 1138 1217 1205 1261; x_wconf 90' lang='lat' dir='ltr'>esse</span> <span class='ocrx_word' id='word_1_65' title='bbox 1227 1217 1339 1279; x_wconf 90' lang='lat' dir='ltr'>parem</span> <span class='ocrx_word' id='word_1_66' title='bbox 1365 1196 1394 1259; x_wconf 89' lang='lat' dir='ltr'>ei</span> <span class='ocrx_word' id='word_1_67' title='bbox 1420 1216 1519 1278; x_wconf 90' lang='lat' dir='ltr'>quam</span> 
     </span>
    </p>
   </div>
   <div class='ocr_carea' id='block_1_4' title="bbox 294 1296 1522 2993">
    <p class='ocr_par' dir='ltr' id='par_1_4' title="bbox 294 1296 1522 2479">
     <span class='ocr_line' id='line_1_9' title="bbox 353 1296 1518 1378; baseline -0.001 -18"><span class='ocrx_word' id='word_1_68' title='bbox 353 1297 501 1362; x_wconf 90' lang='lat' dir='ltr'>adhibuit</span> <span class='ocrx_word' id='word_1_69' title='bbox 509 1298 661 1362; x_wconf 89' lang='lat' dir='ltr'>Horatius</span> <span class='ocrx_word' id='word_1_70' title='bbox 676 1299 709 1362; x_wconf 91' lang='lat' dir='ltr'>in</span> <span class='ocrx_word' id='word_1_71' title='bbox 725 1299 866 1363; x_wconf 90' lang='lat' dir='ltr'>carmine</span> <span class='ocrx_word' id='word_1_72' title='bbox 877 1299 1031 1363; x_wconf 92' lang='lat' dir='ltr'>saeculari</span> <span class='ocrx_word' id='word_1_73' title='bbox 1043 1297 1285 1378; x_wconf 90' lang='lat' dir='ltr'>carminumque</span> <span class='ocrx_word' id='word_1_74' title='bbox 1299 1296 1381 1359; x_wconf 94' lang='lat' dir='ltr'>libro</span> <span class='ocrx_word' id='word_1_75' title='bbox 1392 1300 1518 1378; x_wconf 82' lang='lat' dir='ltr'>quarto,</span> 
     </span>
     <span class='ocr_line' id='line_1_10' title="bbox 354 1398 1519 1480; baseline -0.004 -18"><span class='ocrx_word' id='word_1_76' title='bbox 354 1403 386 1462; x_wconf 91' lang='lat' dir='ltr'>et</span> <span class='ocrx_word' id='word_1_77' title='bbox 407 1399 439 1462; x_wconf 91' lang='lat' dir='ltr'>in</span> <span class='ocrx_word' id='word_1_78' title='bbox 461 1399 666 1480; x_wconf 89' lang='lat' dir='ltr'>stropharum</span> <span class='ocrx_word' id='word_1_79' title='bbox 695 1400 812 1463; x_wconf 88' lang='lat' dir='ltr'>finibus</span> <span class='ocrx_word' id='word_1_80' title='bbox 835 1419 963 1463; x_wconf 91' lang='lat' dir='ltr'>sensum</span> <span class='ocrx_word' id='word_1_81' title='bbox 985 1398 1293 1480; x_wconf 84' lang='lat' dir='ltr'>grammaticamque</span> <span class='ocrx_word' id='word_1_82' title='bbox 1323 1400 1519 1460; x_wconf 88' lang='lat' dir='ltr'>structuram</span> 
     </span>
     <span class='ocr_line' id='line_1_11' title="bbox 300 1496 1521 1581; baseline -0.002 -21"><span class='ocrx_word' id='word_1_83' title='bbox 300 1531 302 1538; x_wconf 40' lang='grc' dir='ltr'><strong><em>ι</em></strong></span> <span class='ocrx_word' id='word_1_84' title='bbox 354 1498 464 1579; x_wconf 89' lang='lat' dir='ltr'>utique</span> <span class='ocrx_word' id='word_1_85' title='bbox 485 1499 665 1576; x_wconf 87' lang='lat' dir='ltr'>terminari,</span> <span class='ocrx_word' id='word_1_86' title='bbox 689 1497 783 1581; x_wconf 87' lang='lat' dir='ltr'>‘quae</span> <span class='ocrx_word' id='word_1_87' title='bbox 811 1499 862 1566; x_wconf 85' lang='lat' dir='ltr'>lex</span> <span class='ocrx_word' id='word_1_88' title='bbox 891 1497 1104 1579; x_wconf 90' lang='lat' dir='ltr'>aSapphone</span> <span class='ocrx_word' id='word_1_89' title='bbox 1131 1496 1235 1560; x_wconf 90' lang='lat' dir='ltr'>aliena</span> <span class='ocrx_word' id='word_1_90' title='bbox 1262 1496 1338 1574; x_wconf 70' lang='lat' dir='ltr'>suit,</span> <span class='ocrx_word' id='word_1_91' title='bbox 1369 1501 1401 1560; x_wconf 90' lang='lat' dir='ltr'>et</span> <span class='ocrx_word' id='word_1_92' title='bbox 1430 1496 1521 1559; x_wconf 91' lang='lat' dir='ltr'>binos</span> 
     </span>
     <span class='ocr_line' id='line_1_12' title="bbox 355 1596 1522 1681; baseline -0.004 -20"><span class='ocrx_word' id='word_1_93' title='bbox 355 1618 465 1662; x_wconf 89' lang='lat' dir='ltr'>versus</span> <span class='ocrx_word' id='word_1_94' title='bbox 493 1619 660 1681; x_wconf 89' lang='lat' dir='ltr'>nunquam</span> <span class='ocrx_word' id='word_1_95' title='bbox 689 1619 754 1662; x_wconf 91' lang='lat' dir='ltr'>uno</span> <span class='ocrx_word' id='word_1_96' title='bbox 783 1598 938 1664; x_wconf 89' lang='lat' dir='ltr'>vocabulo</span> <span class='ocrx_word' id='word_1_97' title='bbox 968 1596 1125 1678; x_wconf 87' lang='lat' dir='ltr'>copulari,</span> <span class='ocrx_word' id='word_1_98' title='bbox 1164 1596 1219 1678; x_wconf 92' lang='lat' dir='ltr'>qui</span> <span class='ocrx_word' id='word_1_99' title='bbox 1253 1616 1330 1660; x_wconf 90' lang='lat' dir='ltr'>usus</span> <span class='ocrx_word' id='word_1_100' title='bbox 1357 1597 1522 1677; x_wconf 90' lang='lat' dir='ltr'>spectatur</span> 
     </span>
     <span class='ocr_line' id='line_1_13' title="bbox 355 1693 1521 1789; baseline -0.004 -28"><span class='ocrx_word' id='word_1_101' title='bbox 355 1718 451 1780; x_wconf 90' lang='lat' dir='ltr'>saepe</span> <span class='ocrx_word' id='word_1_102' title='bbox 472 1699 560 1780; x_wconf 90' lang='lat' dir='ltr'>apud</span> <span class='ocrx_word' id='word_1_103' title='bbox 582 1699 799 1789; x_wconf 81' lang='lat' dir='ltr'>Sapphonem,</span> <span class='ocrx_word' id='word_1_104' title='bbox 824 1698 926 1762; x_wconf 88' lang='lat' dir='ltr'>rarius</span> <span class='ocrx_word' id='word_1_105' title='bbox 947 1697 1034 1778; x_wconf 90' lang='lat' dir='ltr'>apud</span> <span class='ocrx_word' id='word_1_106' title='bbox 1059 1696 1229 1774; x_wconf 77' lang='lat' dir='ltr'>Catullum,</span> <span class='ocrx_word' id='word_1_107' title='bbox 1251 1695 1412 1759; x_wconf 89' lang='lat' dir='ltr'>rarissime</span> <span class='ocrx_word' id='word_1_108' title='bbox 1435 1693 1521 1776; x_wconf 91' lang='lat' dir='ltr'>apud</span> 
     </span>
     <span class='ocr_line' id='line_1_14' title="bbox 356 1796 1521 1877; baseline -0.004 -16"><span class='ocrx_word' id='word_1_109' title='bbox 356 1798 516 1862; x_wconf 84' lang='lat' dir='ltr'>Flaccum.</span> <span class='ocrx_word' id='word_1_110' title='bbox 554 1799 677 1877; x_wconf 85' lang='lat' dir='ltr'>Quibus</span> <span class='ocrx_word' id='word_1_111' title='bbox 693 1799 796 1863; x_wconf 90' lang='lat' dir='ltr'>causis</span> <span class='ocrx_word' id='word_1_112' title='bbox 811 1802 989 1863; x_wconf 89' lang='lat' dir='ltr'>commotus</span> <span class='ocrx_word' id='word_1_113' title='bbox 1003 1796 1164 1874; x_wconf 80' lang='lat' dir='ltr'>iudicavit,</span> <span class='ocrx_word' id='word_1_114' title='bbox 1184 1797 1259 1860; x_wconf 90' lang='lat' dir='ltr'>ante</span> <span class='ocrx_word' id='word_1_115' title='bbox 1273 1796 1411 1877; x_wconf 82' lang='lat' dir='ltr'>Augusti</span> <span class='ocrx_word' id='word_1_116' title='bbox 1434 1799 1521 1858; x_wconf 88' lang='lat' dir='ltr'>aeta-</span> 
     </span>
     <span class='ocr_line' id='line_1_15' title="bbox 356 1893 1521 1982; baseline -0.006 -20"><span class='ocrx_word' id='word_1_117' title='bbox 356 1902 422 1962; x_wconf 91' lang='lat' dir='ltr'>tem</span> <span class='ocrx_word' id='word_1_118' title='bbox 445 1919 511 1962; x_wconf 93' lang='lat' dir='ltr'>non</span> <span class='ocrx_word' id='word_1_119' title='bbox 532 1900 686 1982; x_wconf 91' lang='lat' dir='ltr'>scripturn</span> <span class='ocrx_word' id='word_1_120' title='bbox 709 1897 859 1961; x_wconf 90' lang='lat' dir='ltr'>essehoc</span> <span class='ocrx_word' id='word_1_121' title='bbox 882 1917 1020 1962; x_wconf 88' lang='lat' dir='ltr'>cannen.</span> <span class='ocrx_word' id='word_1_122' title='bbox 1064 1893 1115 1960; x_wconf 84' lang='lat' dir='ltr'>Ab</span> <span class='ocrx_word' id='word_1_123' title='bbox 1135 1896 1197 1960; x_wconf 90' lang='lat' dir='ltr'>hoc</span> <span class='ocrx_word' id='word_1_124' title='bbox 1216 1916 1292 1959; x_wconf 89' lang='lat' dir='ltr'>vero</span> <span class='ocrx_word' id='word_1_125' title='bbox 1313 1915 1379 1958; x_wconf 94' lang='lat' dir='ltr'>non</span> <span class='ocrx_word' id='word_1_126' title='bbox 1402 1894 1521 1956; x_wconf 91' lang='lat' dir='ltr'>abhor-</span> 
     </span>
     <span class='ocr_line' id='line_1_16' title="bbox 356 1996 1519 2080; baseline -0.003 -20"><span class='ocrx_word' id='word_1_127' title='bbox 356 2001 443 2076; x_wconf 83' lang='lat' dir='ltr'>rent,</span> <span class='ocrx_word' id='word_1_128' title='bbox 475 2019 558 2080; x_wconf 90' lang='lat' dir='ltr'>quae</span> <span class='ocrx_word' id='word_1_129' title='bbox 580 2000 715 2064; x_wconf 90' lang='lat' dir='ltr'>dicenda</span> <span class='ocrx_word' id='word_1_130' title='bbox 737 1997 816 2061; x_wconf 90' lang='lat' dir='ltr'>mihi</span> <span class='ocrx_word' id='word_1_131' title='bbox 844 2003 918 2062; x_wconf 89' lang='lat' dir='ltr'>sunt</span> <span class='ocrx_word' id='word_1_132' title='bbox 947 1998 986 2061; x_wconf 87' lang='lat' dir='ltr'>de</span> <span class='ocrx_word' id='word_1_133' title='bbox 1007 1997 1164 2061; x_wconf 89' lang='lat' dir='ltr'>vocabula</span> <span class='ocrx_word' id='word_1_134' title='bbox 1188 1996 1363 2060; x_wconf 89' lang='lat' dir='ltr'>collocandi</span> <span class='ocrx_word' id='word_1_135' title='bbox 1390 2016 1453 2059; x_wconf 95' lang='lat' dir='ltr'>usu</span> <span class='ocrx_word' id='word_1_136' title='bbox 1482 2015 1519 2058; x_wconf 88' lang='lat' dir='ltr'>ac</span> 
     </span>
     <span class='ocr_line' id='line_1_17' title="bbox 357 2096 1519 2178; baseline -0.002 -18"><span class='ocrx_word' id='word_1_137' title='bbox 357 2097 488 2162; x_wconf 90' lang='lat' dir='ltr'>ratione.</span> <span class='ocrx_word' id='word_1_138' title='bbox 531 2098 615 2162; x_wconf 89' lang='lat' dir='ltr'>Nam</span> <span class='ocrx_word' id='word_1_139' title='bbox 643 2097 828 2178; x_wconf 91' lang='lat' dir='ltr'>negandum</span> <span class='ocrx_word' id='word_1_140' title='bbox 859 2097 946 2160; x_wconf 92' lang='lat' dir='ltr'>nullo</span> <span class='ocrx_word' id='word_1_141' title='bbox 975 2098 1072 2162; x_wconf 89' lang='lat' dir='ltr'>modo</span> <span class='ocrx_word' id='word_1_142' title='bbox 1099 2101 1146 2161; x_wconf 88' lang='lat' dir='ltr'>cst</span> <span class='ocrx_word' id='word_1_143' title='bbox 1174 2096 1388 2160; x_wconf 88' lang='lat' dir='ltr'>Horatianam</span> <span class='ocrx_word' id='word_1_144' title='bbox 1417 2100 1519 2159; x_wconf 89' lang='lat' dir='ltr'>artem</span> 
     </span>
     <span class='ocr_line' id='line_1_18' title="bbox 357 2197 1519 2278; baseline 0 -20"><span class='ocrx_word' id='word_1_145' title='bbox 357 2216 466 2260; x_wconf 90' lang='lat' dir='ltr'>versus</span> <span class='ocrx_word' id='word_1_146' title='bbox 497 2197 633 2270; x_wconf 84' lang='lat' dir='ltr'>faciendi</span> <span class='ocrx_word' id='word_1_147' title='bbox 654 2197 878 2262; x_wconf 88' lang='lat' dir='ltr'>auctoritatem</span> <span class='ocrx_word' id='word_1_148' title='bbox 906 2216 971 2260; x_wconf 93' lang='lat' dir='ltr'>non</span> <span class='ocrx_word' id='word_1_149' title='bbox 998 2217 1135 2278; x_wconf 89' lang='lat' dir='ltr'>parvam</span> <span class='ocrx_word' id='word_1_150' title='bbox 1157 2197 1307 2260; x_wconf 91' lang='lat' dir='ltr'>habuisse</span> <span class='ocrx_word' id='word_1_151' title='bbox 1334 2197 1424 2278; x_wconf 90' lang='lat' dir='ltr'>apud</span> <span class='ocrx_word' id='word_1_152' title='bbox 1444 2215 1519 2278; x_wconf 91' lang='lat' dir='ltr'>poe-</span> 
     </span>
     <span class='ocr_line' id='line_1_19' title="bbox 357 2295 1518 2379; baseline -0.001 -21"><span class='ocrx_word' id='word_1_153' title='bbox 357 2295 468 2361; x_wconf 89' lang='lat' dir='ltr'>triam:</span> <span class='ocrx_word' id='word_1_154' title='bbox 498 2299 645 2379; x_wconf 91' lang='lat' dir='ltr'>quamvis</span> <span class='ocrx_word' id='word_1_155' title='bbox 666 2297 751 2360; x_wconf 91' lang='lat' dir='ltr'>enim</span> <span class='ocrx_word' id='word_1_156' title='bbox 773 2297 959 2378; x_wconf 89' lang='lat' dir='ltr'>compositio</span> <span class='ocrx_word' id='word_1_157' title='bbox 983 2301 1079 2379; x_wconf 90' lang='lat' dir='ltr'>atque</span> <span class='ocrx_word' id='word_1_158' title='bbox 1102 2297 1263 2378; x_wconf 80' lang='lat' dir='ltr'>congestio</span> <span class='ocrx_word' id='word_1_159' title='bbox 1286 2297 1518 2360; x_wconf 89' lang='lat' dir='ltr'>vocabulorum</span> 
     </span>
     <span class='ocr_line' id='line_1_20' title="bbox 294 2397 1004 2479; baseline -0.003 -19"><span class='ocrx_word' id='word_1_160' title='bbox 294 2415 297 2423; x_wconf 93' lang='lat'><em>·</em></span> <span class='ocrx_word' id='word_1_161' title='bbox 358 2397 587 2478; x_wconf 85' lang='lat' dir='ltr'>appositorum,</span> <span class='ocrx_word' id='word_1_162' title='bbox 611 2398 721 2479; x_wconf 90' lang='lat' dir='ltr'>quales</span> <span class='ocrx_word' id='word_1_163' title='bbox 744 2398 808 2460; x_wconf 92' lang='lat' dir='ltr'>sint</span> <span class='ocrx_word' id='word_1_164' title='bbox 829 2397 910 2459; x_wconf 90' lang='lat' dir='ltr'>inv.</span> <span class='ocrx_word' id='word_1_165' title='bbox 936 2398 962 2459; x_wconf 89' lang='lat'>1.</span> <span class='ocrx_word' id='word_1_166' title='bbox 985 2397 1004 2459; x_wconf 69' lang='lat' dir='ltr'>t</span> 
     </span>
    </p>

    <p class='ocr_par' dir='ltr' id='par_1_5' title="bbox 600 2491 1283 2578">
     <span class='ocr_line' id='line_1_21' title="bbox 600 2491 1283 2578; baseline -0.004 -18"><span class='ocrx_word' id='word_1_167' title='bbox 600 2501 705 2577; x_wconf 82' lang='grc' dir='ltr'><em>Χαῖρε</em></span> <span class='ocrx_word' id='word_1_168' title='bbox 727 2520 781 2578; x_wconf 87' lang='grc' dir='ltr'>μοι</span> <span class='ocrx_word' id='word_1_169' title='bbox 800 2493 928 2576; x_wconf 80' lang='grc' dir='ltr'><strong><em>Ῥώμα</em></strong></span> <span class='ocrx_word' id='word_1_170' title='bbox 947 2496 950 2576; x_wconf 74' lang='lat' dir='ltr'>l</span> <span class='ocrx_word' id='word_1_171' title='bbox 970 2491 1283 2578; x_wconf 66' lang='lat' dir='ltr'>ovydcpp’hpqog</span> 
     </span>
    </p>

    <p class='ocr_par' dir='ltr' id='par_1_6' title="bbox 359 2593 1521 2796">
     <span class='ocr_line' id='line_1_22' title="bbox 603 2593 1314 2678; baseline -0.003 -19"><span class='ocrx_word' id='word_1_172' title='bbox 603 2602 891 2677; x_wconf 82' lang='grc' dir='ltr'><strong><em>χρυσεομίτρα</em></strong></span> <span class='ocrx_word' id='word_1_173' title='bbox 910 2597 913 2677; x_wconf 72' lang='lat' dir='ltr'>l</span> <span class='ocrx_word' id='word_1_174' title='bbox 934 2596 1123 2678; x_wconf 81' lang='grc' dir='ltr'><strong><em>δαίφρων</em></strong></span> <span class='ocrx_word' id='word_1_175' title='bbox 1146 2593 1314 2659; x_wconf 79' lang='grc' dir='ltr'><strong><em>ἄνασσα</em></strong></span> 
     </span>
     <span class='ocr_line' id='line_1_23' title="bbox 359 2711 1521 2796; baseline -0.002 -20"><span class='ocrx_word' id='word_1_176' title='bbox 359 2714 443 2777; x_wconf 88' lang='lat' dir='ltr'>clare</span> <span class='ocrx_word' id='word_1_177' title='bbox 470 2718 567 2796; x_wconf 87' lang='lat' dir='ltr'>atque</span> <span class='ocrx_word' id='word_1_178' title='bbox 591 2715 753 2778; x_wconf 90' lang='lat' dir='ltr'>evidenter</span> <span class='ocrx_word' id='word_1_179' title='bbox 781 2733 840 2777; x_wconf 90' lang='lat' dir='ltr'>nos</span> <span class='ocrx_word' id='word_1_180' title='bbox 868 2715 1155 2779; x_wconf 81' lang='lat' dir='ltr'>commonefaciant</span> <span class='ocrx_word' id='word_1_181' title='bbox 1177 2714 1326 2796; x_wconf 84' lang='lat' dir='ltr'>Sapphus</span> <span class='ocrx_word' id='word_1_182' title='bbox 1351 2713 1393 2794; x_wconf 79' lang='grc' dir='ltr'>(Ι,</span> <span class='ocrx_word' id='word_1_183' title='bbox 1420 2714 1446 2776; x_wconf 91' lang='grc'>1.</span> <span class='ocrx_word' id='word_1_184' title='bbox 1463 2711 1521 2792; x_wconf 59' lang='grc' dir='ltr'>λλε</span> 
     </span>
    </p>

    <p class='ocr_par' dir='ltr' id='par_1_7' title="bbox 456 2813 1326 2993">
     <span class='ocr_line' id='line_1_24' title="bbox 456 2813 1326 2901; baseline -0.006 -24"><span class='ocrx_word' id='word_1_185' title='bbox 456 2881 461 2901; x_wconf 47' lang='grc' dir='ltr'><strong><em>Ι</em></strong></span> <span class='ocrx_word' id='word_1_186' title='bbox 550 2813 859 2895; x_wconf 73' lang='grc' dir='ltr'><strong><em>Ποικιλόθρον’,</em></strong></span> <span class='ocrx_word' id='word_1_187' title='bbox 882 2813 1066 2876; x_wconf 69' lang='grc' dir='ltr'><strong><em>ἀθάνατ’</em></strong></span> <span class='ocrx_word' id='word_1_188' title='bbox 1090 2813 1326 2895; x_wconf 79' lang='grc' dir='ltr'><strong><em>Ἀφροδίτα,</em></strong></span> 
     </span>
     <span class='ocr_line' id='line_1_25' title="bbox 551 2913 1252 2993; baseline -0.001 -19"><span class='ocrx_word' id='word_1_189' title='bbox 551 2919 631 2977; x_wconf 83' lang='grc' dir='ltr'>παῖ</span> <span class='ocrx_word' id='word_1_190' title='bbox 649 2920 739 2993; x_wconf 83' lang='grc' dir='ltr'><strong><em>Δίος,</em></strong></span> <span class='ocrx_word' id='word_1_191' title='bbox 763 2913 1013 2991; x_wconf 77' lang='grc' dir='ltr'><strong><em>δολόπλοκε,</em></strong></span> <span class='ocrx_word' id='word_1_192' title='bbox 1034 2913 1194 2993; x_wconf 84' lang='grc' dir='ltr'><strong><em>λίσσομαί</em></strong></span> <span class='ocrx_word' id='word_1_193' title='bbox 1215 2932 1252 2976; x_wconf 83' lang='grc' dir='ltr'><strong><em>σε</em></strong></span> 
     </span>
    </p>
   </div>
   <div class='ocr_carea' id='block_1_5' title="bbox 361 3026 1525 3946">
    <p class='ocr_par' dir='ltr' id='par_1_8' title="bbox 361 3026 798 3110">
     <span class='ocr_line' id='line_1_26' title="bbox 361 3026 798 3110; baseline 0.016 -21"><span class='ocrx_word' id='word_1_194' title='bbox 361 3026 436 3108; x_wconf 85' lang='lat' dir='ltr'>(huc</span> <span class='ocrx_word' id='word_1_195' title='bbox 458 3033 604 3110; x_wconf 90' lang='lat' dir='ltr'>spectant</span> <span class='ocrx_word' id='word_1_196' title='bbox 625 3051 653 3094; x_wconf 95' lang='lat' dir='ltr'>v.</span> <span class='ocrx_word' id='word_1_197' title='bbox 679 3033 798 3096; x_wconf 88' lang='lat'><strong>17.18:</strong></span> 
     </span>
    </p>

    <p class='ocr_par' dir='ltr' id='par_1_9' title="bbox 789 3129 1215 3211">
     <span class='ocr_line' id='line_1_27' title="bbox 789 3129 1215 3211; baseline -0.007 -17"><span class='ocrx_word' id='word_1_198' title='bbox 789 3129 832 3194; x_wconf 77' lang='lat' dir='ltr'>ori</span> <span class='ocrx_word' id='word_1_199' title='bbox 855 3129 943 3211; x_wconf 88' lang='grc' dir='ltr'><strong><em>μόνα</em></strong></span> <span class='ocrx_word' id='word_1_200' title='bbox 965 3135 1215 3211; x_wconf 81' lang='grc' dir='ltr'><strong><em>κρατίστους</em></strong></span> 
     </span>
    </p>

    <p class='ocr_par' dir='ltr' id='par_1_10' title="bbox 361 3223 1329 3529">
     <span class='ocr_line' id='line_1_28' title="bbox 510 3223 1329 3311; baseline 0 -22"><span class='ocrx_word' id='word_1_201' title='bbox 510 3223 668 3309; x_wconf 77' lang='grc' dir='ltr'><strong><em>ἄνδρας</em></strong></span> <span class='ocrx_word' id='word_1_202' title='bbox 688 3227 898 3310; x_wconf 74' lang='grc' dir='ltr'><strong><em>αἰχματας</em></strong></span> <span class='ocrx_word' id='word_1_203' title='bbox 917 3231 920 3311; x_wconf 73' lang='lat' dir='ltr'>l</span> <span class='ocrx_word' id='word_1_204' title='bbox 940 3229 1146 3310; x_wconf 72' lang='grc' dir='ltr'><strong><em>μεγάλους</em></strong></span> <span class='ocrx_word' id='word_1_205' title='bbox 1167 3226 1329 3311; x_wconf 63' lang='lat' dir='ltr'>logenam),</span> 
     </span>
     <span class='ocr_line' id='line_1_29' title="bbox 361 3347 1092 3428; baseline 0.011 -23"><span class='ocrx_word' id='word_1_206' title='bbox 361 3362 470 3408; x_wconf 88' lang='lat' dir='ltr'>rursus</span> <span class='ocrx_word' id='word_1_207' title='bbox 492 3347 684 3411; x_wconf 90' lang='lat' dir='ltr'>constructio</span> <span class='ocrx_word' id='word_1_208' title='bbox 707 3348 937 3428; x_wconf 87' lang='lat' dir='ltr'>vocabulorum</span> <span class='ocrx_word' id='word_1_209' title='bbox 958 3349 990 3413; x_wconf 91' lang='lat' dir='ltr'>in</span> <span class='ocrx_word' id='word_1_210' title='bbox 1013 3351 1040 3413; x_wconf 84' lang='lat'>3.</span> <span class='ocrx_word' id='word_1_211' title='bbox 1056 3350 1092 3412; x_wconf 75' lang='lat' dir='ltr'>t:</span> 
     </span>
     <span class='ocr_line' id='line_1_30' title="bbox 590 3443 1297 3529; baseline -0.006 -19"><span class='ocrx_word' id='word_1_212' title='bbox 590 3449 746 3528; x_wconf 76' lang='grc' dir='ltr'><strong><em>σεμνόν</em></strong></span> <span class='ocrx_word' id='word_1_213' title='bbox 767 3446 790 3510; x_wconf 73' lang='lat' dir='ltr'>c&#39;r&#39;</span> <span class='ocrx_word' id='word_1_214' title='bbox 813 3453 911 3521; x_wconf 70' lang='grc' dir='ltr'><strong><em>ναίεις</em></strong></span> <span class='ocrx_word' id='word_1_215' title='bbox 931 3449 934 3529; x_wconf 74' lang='lat' dir='ltr'>l</span> <span class='ocrx_word' id='word_1_216' title='bbox 954 3449 1010 3511; x_wconf 82' lang='grc' dir='ltr'>ἐπὶ</span> <span class='ocrx_word' id='word_1_217' title='bbox 1031 3451 1088 3529; x_wconf 77' lang='grc' dir='ltr'>γᾶς</span> <span class='ocrx_word' id='word_1_218' title='bbox 1109 3443 1297 3527; x_wconf 69' lang='grc' dir='ltr'><strong><em>ὄλυμπον</em></strong></span> 
     </span>
    </p>

    <p class='ocr_par' dir='ltr' id='par_1_11' title="bbox 775 3544 1121 3628">
     <span class='ocr_line' id='line_1_31' title="bbox 775 3544 1121 3628; baseline 0 -18"><span class='ocrx_word' id='word_1_219' title='bbox 775 3546 845 3610; x_wconf 77' lang='grc' dir='ltr'><strong><em>αἰὲν</em></strong></span> <span class='ocrx_word' id='word_1_220' title='bbox 867 3544 1121 3628; x_wconf 67' lang='grc' dir='ltr'><strong><em>ἄθραυστον.</em></strong></span> 
     </span>
    </p>

    <p class='ocr_par' dir='ltr' id='par_1_12' title="bbox 365 3658 1269 3845">
     <span class='ocr_line' id='line_1_32' title="bbox 365 3658 1269 3745; baseline 0 -24"><span class='ocrx_word' id='word_1_221' title='bbox 365 3659 411 3722; x_wconf 82' lang='grc'>19.</span> <span class='ocrx_word' id='word_1_222' title='bbox 427 3660 483 3723; x_wconf 71' lang='lat'>20:</span> <span class='ocrx_word' id='word_1_223' title='bbox 617 3658 827 3745; x_wconf 77' lang='grc' dir='ltr'><strong><em>εὔστοχον</em></strong></span> <span class='ocrx_word' id='word_1_224' title='bbox 847 3665 1023 3745; x_wconf 76' lang='grc' dir='ltr'><strong><em>Δάματρος</em></strong></span> <span class='ocrx_word' id='word_1_225' title='bbox 1044 3661 1132 3738; x_wconf 80' lang='grc' dir='ltr'><strong><em>ὅπως</em></strong></span> <span class='ocrx_word' id='word_1_226' title='bbox 1151 3666 1269 3725; x_wconf 82' lang='grc' dir='ltr'><strong><em>ανεΐσα</em></strong></span> 
     </span>
     <span class='ocr_line' id='line_1_33' title="bbox 745 3763 1137 3845; baseline -0.005 -18"><span class='ocrx_word' id='word_1_227' title='bbox 745 3764 905 3845; x_wconf 80' lang='grc' dir='ltr'><strong><em>καρπόν</em></strong></span> <span class='ocrx_word' id='word_1_228' title='bbox 927 3763 986 3826; x_wconf 80' lang='lat' dir='ltr'>oc&#39;rr&#39;</span> <span class='ocrx_word' id='word_1_229' title='bbox 1008 3764 1137 3844; x_wconf 80' lang='grc' dir='ltr'><strong><em>α’νδρῶυ</em></strong></span> 
     </span>
    </p>

    <p class='ocr_par' dir='ltr' id='par_1_13' title="bbox 363 3861 1525 3946">
     <span class='ocr_line' id='line_1_34' title="bbox 363 3861 1525 3946; baseline 0.001 -22"><span class='ocrx_word' id='word_1_230' title='bbox 363 3861 506 3942; x_wconf 91' lang='lat' dir='ltr'>inprimis</span> <span class='ocrx_word' id='word_1_231' title='bbox 532 3865 635 3929; x_wconf 86' lang='lat' dir='ltr'>forma</span> <span class='ocrx_word' id='word_1_232' title='bbox 655 3867 704 3943; x_wconf 72' lang='lat'>1⁸,</span> <span class='ocrx_word' id='word_1_233' title='bbox 736 3865 825 3930; x_wconf 91' lang='lat' dir='ltr'>cuius</span> <span class='ocrx_word' id='word_1_234' title='bbox 852 3865 1034 3946; x_wconf 82' lang='lat' dir='ltr'>exemplum</span> <span class='ocrx_word' id='word_1_235' title='bbox 1065 3869 1140 3929; x_wconf 91' lang='lat' dir='ltr'>ante</span> <span class='ocrx_word' id='word_1_236' title='bbox 1168 3863 1338 3927; x_wconf 89' lang='lat' dir='ltr'>Horatium</span> <span class='ocrx_word' id='word_1_237' title='bbox 1366 3881 1525 3943; x_wconf 86' lang='lat' dir='ltr'>nusquam</span> 
     </span>
    </p>
   </div>
   <div class='ocr_carea' id='block_1_6' title="bbox 362 3965 830 4144">
    <p class='ocr_par' dir='ltr' id='par_1_14' title="bbox 362 3965 748 4134">
     <span class='ocr_line' id='line_1_35' title="bbox 362 3965 693 4047; baseline 0 -19"><span class='ocrx_word' id='word_1_238' title='bbox 362 3965 504 4046; x_wconf 89' lang='lat' dir='ltr'>protecto</span> <span class='ocrx_word' id='word_1_239' title='bbox 527 3966 693 4047; x_wconf 85' lang='lat' dir='ltr'>conspexi:</span> 
     </span>
     <span class='ocr_line' id='line_1_36' title="bbox 363 4064 830 4144; baseline -0.013 -10"><span class='ocrx_word' id='word_1_240' title='bbox 363 4069 392 4134; x_wconf 87' lang='grc'>6.</span> <span class='ocrx_word' id='word_1_241' title='bbox 653 4064 830 4144; x_wconf 75' lang='grc' dir='ltr'><strong><em>κῦδοςᾶρρ</em></strong></span> 
     </span>
    </p>
   </div>
   <div class='ocr_carea' id='block_1_7' title="bbox 894 4062 1117 4144">
    <p class='ocr_par' dir='ltr' id='par_1_15' title="bbox 894 4062 1117 4144">
     <span class='ocr_line' id='line_1_37' title="bbox 894 4062 1117 4144; baseline 0 0"><span class='ocrx_word' id='word_1_242' title='bbox 894 4062 1117 4144; x_wconf 68' lang='grc' dir='ltr'><strong><em>νλβᾶσᾶννλ</em></strong></span> 
     </span>
    </p>
   </div>
   <div class='ocr_carea' id='block_1_8' title="bbox 653 4082 1241 4166">
    <p class='ocr_par' dir='ltr' id='par_1_16' title="bbox 653 4082 1241 4166">
     <span class='ocr_line' id='line_1_38' title="bbox 653 4082 1241 4166; baseline -0.013 2.608"><span class='ocrx_word' id='word_1_243' title='bbox 653 4082 1241 4166; x_wconf 37' lang='lat' dir='ltr'>:2:ssss</span> 
     </span>
    </p>
   </div>
   <div class='ocr_carea' id='block_1_9' title="bbox 437 4281 988 4352">
    <p class='ocr_par' dir='ltr' id='par_1_17' title="bbox 437 4281 988 4352">
     <span class='ocr_line' id='line_1_39' title="bbox 437 4281 988 4352; baseline -0.002 -15"><span class='ocrx_word' id='word_1_244' title='bbox 437 4281 758 4352; x_wconf 60' lang='lat' dir='ltr'>quattrocent.</span> <span class='ocrx_word' id='word_1_245' title='bbox 778 4281 794 4334; x_wconf 90' lang='lat' dir='ltr'>l.</span> <span class='ocrx_word' id='word_1_246' title='bbox 814 4298 836 4336; x_wconf 83' lang='lat' dir='ltr'>c.</span> <span class='ocrx_word' id='word_1_247' title='bbox 858 4281 906 4345; x_wconf 86' lang='lat' dir='ltr'>VI,</span> <span class='ocrx_word' id='word_1_248' title='bbox 928 4281 988 4336; x_wconf 84' lang='lat'><strong>295.</strong></span> 
     </span>
    </p>
   </div>
   <div class='ocr_carea' id='block_1_10' title="bbox 0 0 1656 5092">
    <p class='ocr_par' dir='ltr' id='par_1_18' title="bbox 0 0 1656 5092">
     <span class='ocr_line' id='line_1_40' title="bbox 0 0 1656 5092; baseline 0 0"><span class='ocrx_word' id='word_1_249' title='bbox 0 0 1656 5092; x_wconf 95' lang='lat' dir='ltr'> </span> 
     </span>
    </p>
   </div>
  </div>
 </body>
</html>
