3262 5102
610 426 720 490 -29

116 602 191 666 endi
215 606 380 678 monstrat,
404 603 463 665 hoc
478 606 524 666 est
544 604 623 684 pede
646 604 906 686 antispasto,
927 605 965 668 cf.
981 603 1028 683 Vl,
1051 628 1080 689 p.
1101 609 1170 686 305,
1192 630 1274 692 quae

115 722 268 766 mensura
297 706 330 765 ut
353 704 489 767 maxime
512 723 531 766 a
552 709 661 767 nostro
683 722 777 768 sensu
803 705 964 782 abhorret,
995 707 1038 770 ita
1061 710 1275 787 grammaticis

115 802 277 866 veteribus
301 801 521 866 auctoritatem
550 801 712 884 fidemque
741 805 885 868 detraxit.
927 805 1137 871 Laudandum
1167 813 1274 874 autern

115 907 176 978 est,
206 902 291 984 quod
320 921 402 965 unus
424 900 538 964 Atilius
560 901 806 966 Fortunatianus
826 903 875 980 Vl,
900 898 928 984 p.
952 903 1012 968 ⁶296
1041 906 1125 970 hunc
1148 910 1273 972 tertium

114 1002 251 1065 modurn
275 1004 518 1077 commemorat,
548 1020 620 1064 cum
644 1001 745 1065 dicat:
775 1001 886 1083 ‘potest
908 1007 939 1067 et
960 1005 1184 1087 antispasticon
1208 1029 1275 1073 esse

112 1103 279 1165 trimetron
311 1099 524 1167 acatalecton'.
568 1098 696 1164 Caesius
718 1119 845 1184 quoque
870 1102 926 1166 sibi
957 1123 1021 1166 non
1041 1104 1170 1186 probari
1190 1080 1273 1170 illam

113 1201 293 1264 doctrinam
317 1198 474 1275 declarat,
495 1199 548 1262 sed
572 1199 653 1264 ‘alii
676 1201 717 1264 ita
741 1251 748 1264 .
771 1247 776 1260 .
798 1201 815 1264 .’
834 1200 957 1268 initium
980 1203 1072 1284 capit.

199 1350 334 1413 Restant
369 1349 462 1428 igitur
496 1348 578 1412 duae
615 1349 767 1414 rationes:
806 1369 953 1415 mensura
984 1350 1155 1432 dactylica,
1193 1371 1275 1436 quae

114 1450 252 1532 pertinet
273 1450 312 1513 ad
332 1452 577 1530 pentametrum,
602 1452 632 1512 et
647 1449 869 1527 choriambico,
889 1470 971 1531 quae
995 1450 1127 1531 pertinet
1148 1451 1188 1515 ad
1210 1452 1276 1534 gly-

113 1568 263 1614 coneum.
305 1549 413 1612 Priore
434 1549 556 1612 ratione
575 1551 694 1631 optime
713 1551 811 1614 utitur
832 1550 1007 1626 Diomedes
1032 1550 1085 1632 qui
1108 1549 1130 1626 l,
1152 1571 1182 1632 p.
1205 1551 1275 1614 508.

112 1650 178 1712 519
207 1647 439 1729 asclepiadeum
468 1651 604 1711 metrum
636 1650 677 1712 ab
707 1649 844 1728 elegiaco
877 1653 1016 1714 tractum
1043 1670 1111 1714 esse
1140 1651 1275 1732 ideoque

114 1747 273 1828 dactylica
292 1747 400 1810 scandi
425 1746 469 1829 (p.
491 1746 569 1828 518)
592 1752 741 1822 testatum
768 1747 938 1830 ‘spondius
959 1749 1111 1832 dactylus,
1133 1751 1275 1831 semipes

115 1847 284 1933 dactylus,
297 1846 458 1929 dactylus'.
487 1846 609 1911 Mallius
623 1866 752 1930 quoque,
765 1847 962 1925 TheodoruS,
983 1868 1180 1930 quamquam
1196 1849 1276 1912 deri-

113 1948 278 2010 vationem
309 1966 327 2010 a
356 1949 556 2027 pentametro
585 1946 763 2011 taciendam
792 1966 1042 2012 commemorare
1076 1948 1275 2028 obliviscitur,

113 2047 350 2129 asclepiadeum
373 2048 510 2108 metrum
526 2047 665 2127 appellat
685 2047 874 2126 dactylicum
896 2048 1072 2136 eodemque
1094 2048 1189 2111 modo
1212 2064 1277 2128 quo

114 2146 285 2211 Diomedes
308 2145 429 2208 scandit
446 2145 494 2224 Vl,
516 2165 546 2226 p.
568 2145 647 2208 590:
670 2145 816 2211 ‘metrum
837 2148 1024 2229 dactylicum
1044 2147 1275 2228 asclepiadeum

115 2247 216 2310 habet
239 2247 372 2326 primurn
401 2245 569 2325 spondium
598 2233 739 2309 secundo
768 2246 836 2310 loco
855 2247 1015 2328 dactylum
1044 2251 1076 2310 et
1101 2247 1275 2311 catalecton

115 2347 266 2426 deinceps
283 2344 362 2408 duos
378 2343 536 2424 dactylos'.
574 2344 693 2409 Contra
706 2345 783 2408 nihil
800 2346 884 2409 aliud
902 2347 959 2410 nisi
977 2366 1159 2410 mensuram
1175 2346 1277 2410 chori·

114 2447 275 2512 ambicam
306 2444 468 2526 proferunt
490 2443 567 2508 Mar.
589 2443 708 2508 Plotius
730 2445 780 2523 Vl,
802 2465 832 2528 p.
854 2447 924 2510 501.
948 2447 1008 2511 536
1039 2452 1070 2511 et
1100 2447 1277 2527 fragmenta

115 2546 286 2616 Bobiensia
302 2545 351 2620 Vl,
371 2565 402 2627 p.
425 2545 495 2623 629,
516 2545 658 2628 glyconei
680 2564 754 2608 vero
776 2566 884 2610 versus
901 2547 1020 2610 mentio
1041 2565 1104 2609 non
1127 2545 1172 2609 tit.
1209 2546 1277 2610 Ati-

116 2649 177 2712 lius
189 2647 434 2710 Fortunatianus
452 2644 502 2721 Vl,
523 2664 553 2725 p.
566 2644 626 2707 296
642 2647 812 2726 utramque
832 2646 989 2709 rationem
1006 2644 1106 2726 affert,
1128 2647 1181 2710 sed
1200 2646 1275 2711 dum

114 2749 254 2831 priorem
275 2745 387 2826 accipit
410 2749 440 2808 et
460 2743 613 2826 dactylica
642 2743 764 2808 scandit
787 2741 882 2822 t‘nam
901 2743 998 2810 habet
1022 2746 1085 2808 duo
1104 2744 1276 2826 penthemi-

116 2867 221 2925 mere,
249 2847 385 2928 primum
408 2843 630 2919 acatalectum,
661 2834 838 2907 secundum
865 2843 1107 2926 catalecticum')¹
1123 2851 1207 2910 recle
1228 2845 1277 2908 in-

115 2945 235 3026 tellegit
259 2944 462 3026 posteriorem
493 2943 658 3019 rationem,
687 2962 769 3024 quae
791 2945 900 3005 utatur
919 2943 1119 3017 choriambis
1143 2943 1185 3006 ab
1215 2943 1276 3019 hac

111 3047 242 3121 distare,
265 3043 351 3127 quod
375 3043 530 3123 significat
545 3043 695 3124 incipiens
715 3042 855 3125 ‘quidam
879 3042 1000 3106 volunt'
1020 3061 1087 3125 sqq.
1103 3041 1197 3106 Vides
1219 3043 1276 3106 ad-

112 3147 179 3211 huc
195 3145 282 3235 duos!
293 3145 394 3207 tontes
412 3144 494 3207 bene
510 3143 630 3207 secerni
644 3162 749 3225 neque
766 3161 883 3222 magno
900 3143 1007 3206 labore
1024 3161 1115 3224 posse
1126 3141 1276 3222 dignosci.

112 3247 217 3311 Aliter
237 3243 353 3308 Marius
373 3243 568 3320 VictorinuS,
598 3242 651 3325 qui
681 3243 798 3324 partim
828 3261 867 3306 ex
888 3241 1016 3305 libidine
1046 3244 1076 3304 et
1103 3241 1276 3319 voluntate,

113 3362 327 3428 quaecunque
342 3343 382 3406 de
397 3341 594 3423 asclepiadeo
612 3343 742 3434 omnino
756 3344 830 3405 sunt
847 3341 973 3418 tradita,
995 3341 1155 3422 componit
1173 3359 1276 3421 neque

113 3464 175 3508 suo
210 3444 279 3507 loco
310 3440 457 3518 collocat,
490 3441 606 3524 partim
638 3446 722 3506 recte
749 3441 851 3505 fontes
881 3440 1017 3504 distinet.
1060 3439 1276 3517 Quamobrem

115 3543 205 3626 apud
218 3562 299 3614 ,eum
317 3543 468 3624 scriptum
491 3541 666 3606 invenimus
688 3541 922 3624 asclepiadeum
945 3544 1081 3604 metrum
1104 3538 1217 3604 deduci
1238 3557 1276 3601 ex

114 3645 317 3726 pentametro
331 3639 426 3723 ‘quod
445 3645 569 3704 constat
588 3661 626 3706 ex
640 3641 790 3723 spondeo,
805 3640 930 3704 duobus
945 3638 1143 3715 choriambis
1165 3637 1276 3700 ultimo

114 3742 233 3807 iambo'
250 3741 310 3818 (Vl,
332 3761 363 3823 p.
383 3741 462 3818 109);
484 3741 534 3804 hic
549 3741 657 3824 itaque
672 3742 775 3805 fontes
789 3738 1037 3815 contunduntur,
1058 3737 1143 3819 quod
1163 3739 1274 3799 iterum

71 3881 76 3890 .
114 3841 152 3907 fit
182 3863 212 3923 p.
236 3841 303 3905 147.
353 3842 452 3904 Recte
484 3841 584 3904 tontes
614 3841 757 3923 sequitur
785 3862 815 3922 p.
849 3839 925 3916 150,
963 3838 1016 3902 ubi
1045 3837 1275 3919 asclepiadeum

115 3939 309 4026 choriambis
332 3940 491 4020 usurpatis
515 3938 615 4002 redire
644 3938 686 4001 ad
708 3937 1133 4020 glyconeum‘demonstrah
1164 3954 1193 4015 p.
1218 3934 1273 3997 161

115 4040 259 4103 confusio
281 4038 440 4121 quaedam
459 4041 555 4114 extat,
578 4056 654 4101 narn
677 4057 752 4102 cum
770 4037 809 4101 de
830 4033 1023 4100 derivatione
1043 4051 1141 4112 agens
1164 4036 1276 4115 penta-

116 4143 255 4203 metrum
290 4143 320 4203 et
355 4137 653 4232 hendecasyllabum
690 4137 889 4219 phalaecium
930 4136 1085 4210 nominet,
1119 4133 1276 4197 metiendo

115 4244 221 4304 metro
240 4239 390 4320 subponit
420 4244 475 4305 aut
504 4239 659 4322 dactylos,
687 4237 740 4320 qui
763 4239 942 4318 congruunt
968 4254 1038 4299 cum
1067 4234 1275 4315 pentametro,
