3262 5102
908 416 949 480 64

348 594 607 676 interpungatur3
623 612 719 674 porro
729 612 821 657 suam
832 613 979 676 quaeque
988 595 1158 660 verborum
1167 600 1361 663 structuram
1372 604 1510 684 stropha

347 693 488 770 exhibet,
517 691 638 756 nullam
662 711 865 757 communem
889 712 962 756 cum
983 698 1150 776 sequente,
1177 694 1215 758 cl.
1239 694 1315 761 Hor.
1338 707 1436 764 carm.
1457 702 1509 780 lll,
1617 761 1618 764 ,

350 793 397 870 10,
422 793 468 856 16.
511 790 690 872 Glyconeus
710 809 839 872 quoque
860 812 969 856 versus
995 812 1228 875 nonnunquam
1251 814 1362 876 perse
1385 799 1511 880 positus

347 895 379 955 et
402 891 443 955 ab
465 889 736 971 asclepiadeorum
762 894 921 956 structura
942 892 1063 960 solutus
1081 892 1250 970 inducitur,
1273 914 1302 958 v.
1322 897 1344 958 4
1362 932 1402 942 -
1424 901 1443 961 8
1467 935 1510 942 —

347 990 388 1054 30
409 1024 448 1032 -
471 989 510 1079 32
532 1024 571 1030 —
593 988 635 1052 44
652 1025 691 1032 -
710 989 763 1065 96;
787 1007 1019 1071 nonnunquam
1042 991 1199 1055 sententia
1220 992 1303 1055 ultro
1326 985 1508 1074 ponderosa

349 1087 493 1152 instructi
515 1089 598 1164 sunt,
621 1090 656 1149 ut
675 1106 704 1150 v.
731 1086 784 1149 la:
803 1084 943 1168 ‘prodest
963 1106 1067 1150 sermo
1089 1087 1268 1165 doloribus',
1290 1108 1318 1176 v,
1341 1092 1397 1155 80:
1425 1093 1512 1175 ‘post

347 1190 484 1251 mortem
506 1185 609 1268 pietas
630 1185 732 1266 viget',
761 1185 799 1249 cf.
818 1186 895 1250 Hor.
919 1206 1016 1251 carm.
1038 1187 1087 1265 ΙΙΙ,
1112 1188 1158 1264 16,
1174 1188 1231 1264 38;
1260 1187 1309 1263 ΙΙΙ,
1332 1191 1360 1266 5,
1385 1191 1433 1254 30.
1449 1192 1509 1270 34;

350 1284 396 1362 13,
413 1284 462 1348 38.
512 1282 772 1350 Circumveniunt
799 1287 909 1348 autem
938 1285 1127 1367 glyconeum
1156 1284 1239 1348 duae
1267 1305 1361 1350 voces
1390 1290 1510 1354 cohae-

347 1385 453 1448 rentes
483 1381 668 1464 quinquies;
702 1381 872 1450 tonnaell
901 1386 1011 1458 extant
1038 1382 1125 1446 solae
1149 1381 1181 1444 in
1204 1383 1370 1448 31136-
1393 1388 1440 1452 70.
1458 1389 1509 1454 71.

274 1527 280 1538 .
429 1483 476 1547 Ex
516 1483 624 1546 formis
670 1486 779 1548 autem
814 1482 1044 1566 principalibus
1089 1483 1121 1545 in
1158 1469 1299 1548 maximo
1336 1506 1395 1550 usu
1433 1495 1510 1555 sunt

347 1579 986 1663 1(11=1:9);111(10=1:1o);111v
1009 1580 1510 1671 (7:1:1l);)l(6=1:11),

347 1699 421 1744 raro
443 1680 591 1762 leguntur
612 1680 639 1742 Π
660 1677 705 1761 (3)
728 1682 759 1743 et
780 1680 807 1741 l·
830 1679 884 1762 (3).
927 1681 1042 1744 Forma
1064 1679 1104 1743 lll
1123 1680 1156 1743 in
1178 1678 1378 1746 hemistichia
1401 1685 1511 1766 priore

347 1780 550 1845 subnascitur
572 1779 756 1862 quinquies,
787 1779 818 1844 in
841 1780 942 1844 altero
963 1779 1020 1844 bis.
1063 1778 1153 1842 Alias
1175 1779 1419 1862 compositiones
1434 1805 1510 1848 me-

347 1879 475 1943 moratu
496 1877 609 1958 dignas
630 1877 726 1942 affere
755 1891 886 1958 possum
906 1895 1043 1958 paucas;
1076 1877 1208 1941 sortasse
1228 1877 1261 1939 in
1290 1877 1350 1941 hoc
1371 1900 1511 1946 numero

348 1975 517 2040 habendae
538 1977 612 2040 sunt
634 1974 712 2039 hae:
743 1975 797 2037 31:

559 2071 638 2138 Nec
660 2073 811 2154 languere
832 2071 906 2135 sinit
924 2071 928 2151 Ι
947 2091 1019 2136 nec
1042 2073 1162 2154 patitur
1183 2091 1291 2137 moras

347 2189 386 2236 ac
415 2171 507 2235 simili
537 2171 633 2235 modo
662 2173 825 2252 ponuntur
844 2167 919 2233 ‘vidi
941 2203 980 2212 —
1001 2169 1076 2232 vidi'
1105 2169 1137 2232 in
1159 2171 1208 2234 63.
1224 2171 1281 2246 63,
1311 2171 1343 2236 in
1373 2173 1415 2235 54
1444 2193 1511 2236 res·

346 2269 490 2350 pendent
512 2269 593 2333 inter
616 2288 650 2332 se
672 2265 745 2358 ‘tuis
766 2303 805 2310 —
826 2266 922 2348 meis’.
965 2267 1051 2331 Bene
1073 2268 1231 2332 vocabula
1254 2267 1407 2348 disposita
1434 2275 1511 2335 sunt

347 2369 379 2432 in
401 2369 450 2433 37.
467 2369 515 2432 38.
557 2367 700 2448 Denique
723 2386 837 2431 sonum
859 2366 1036 2430 litterarum
1058 2367 1133 2430 audi
1154 2367 1234 2430 mihi
1255 2367 1289 2430 in
1308 2388 1336 2430 v.
1353 2368 1418 2448 ,972

499 2463 673 2548 Quidnam,
696 2481 830 2546 quaeso,
854 2464 930 2546 quid
951 2467 999 2528 est
1017 2461 1021 2544 l
1040 2463 1125 2544 quod
1146 2464 1235 2528 vario
1256 2467 1362 2530 modo.

346 2562 457 2644 ltaque
480 2562 707 2626 Endelechium
736 2562 872 2626 eandem
899 2562 963 2624 lere
993 2562 1204 2642 componendi
1226 2563 1383 2626 rationem
1406 2564 1511 2646 appli-

348 2681 436 2726 casse
450 2662 581 2726 vocibus
601 2667 631 2727 et
645 2662 788 2726 versibus
802 2664 833 2724 et
851 2659 990 2742 strophis
1004 2659 1219 2740 asclepiadeis,
1241 2680 1339 2741 quam
1358 2662 1512 2744 aequales

346 2758 507 2842 sapphicis
526 2761 732 2842 alcaicisque,
760 2779 798 2822 ex
815 2757 870 2821 'his
891 2778 973 2839 quae
996 2758 1081 2822 dicta
1103 2761 1193 2835 sunt,
1222 2757 1340 2842 liquide
1362 2762 1509 2840 apparet.
1613 2801 1616 2807 -

429 2859 600 2923 Rationem
622 2877 697 2922 vero
720 2874 850 2939 prorsus
872 2857 968 2921 aliam
991 2855 1128 2919 ostendit
1148 2851 1336 2922 Martianus
1356 2853 1510 2938 Capella,
1614 2883 1615 2886 ¹

348 2959 402 3040 qui
430 2959 543 3023 eadem
572 2959 636 3022 lere
658 2960 762 3022 aetate
791 2957 824 3020 in
845 2975 960 3020 novem
990 2954 1077 3019 libris
1097 2953 1146 3017 ‘de
1174 2955 1294 3038 nuptiis
1312 2953 1511 3033 Philologiae
1614 2965 1615 2974 ’

346 3060 378 3120 ct
399 3055 557 3120 Mercurii'
584 3055 758 3136 nonaginta
787 3055 867 3117 duos
893 3053 1109 3135 asclepiadeos
1135 3051 1397 3134 dodecasyllabos
1424 3049 1513 3112 nard
1613 3071 1614 3080 ¹

347 3157 459 3234 στίχον
488 3153 645 3229 condidit,
673 3173 704 3235 p.
726 3152 782 3228 35,
806 3153 861 3229 34,
884 3152 940 3215 341
957 3149 987 3232 ¹).
1030 3150 1079 3213 Ac
1105 3169 1238 3215 caesura
1259 3149 1405 3232 quidem,
1435 3166 1512 3210 cum
1612 3161 1613 3178 ¹

348 3272 477 3318 severae
505 3252 575 3318 aevi
597 3250 769 3317 Neroniani
795 3251 857 3332 legi
886 3251 1041 3332 adaptata
1069 3249 1124 3325 sit,
1156 3253 1228 3330 post
1254 3252 1376 3314 sextam
1406 3264 1512 3328 usque

347 3350 607 3434 syllabamvpura
626 3349 818 3431 conspicitur
840 3347 966 3411 duobus
984 3345 1126 3410 versibus
1147 3347 1195 3423 34,
1214 3349 1234 3410 9
1253 3349 1285 3410 et
1302 3346 1336 3408 11
1358 3343 1510 3424 exceptis,

345 3449 400 3513 ubi
422 3449 507 3513 elisio
535 3449 621 3514 cadit
648 3448 681 3512 in
709 3465 859 3512 caesurae
886 3443 1003 3508 sedem.
1045 3442 1156 3525 Neque
1185 3462 1323 3524 usquam
1347 3440 1409 3505 hoc
1437 3440 1510 3503 loco
1609 3483 1610 3494 ³

348 3565 458 3614 sensus
487 3552 544 3614 aut
564 3551 724 3615 structura
752 3543 961 3634 grammatica
977 3536 1079 3606 'finem
1108 3543 1194 3625 capit
1214 3561 1273 3607 nec
1295 3539 1425 3604 omnino
1447 3537 1511 3601 illic
1607 3565 1609 3592 1

349 3646 459 3710 leviter
487 3645 737 3728 interpungitur,
766 3643 826 3708 nisi
842 3643 880 3705 in
905 3642 980 3718 341,
1004 3643 1038 3718 7,
1068 3641 1156 3704 cuius
1177 3640 1222 3703 rei
1250 3636 1447 3703 contrarium
1476 3637 1512 3700 in
1605 3651 1608 3708 ,ξ

345 3743 527 3810 Endelechii
558 3742 698 3808 carmine
730 3738 977 3805 observavimus
1031 3737 1225 3802 Martianum
1257 3755 1333 3799 vero
1364 3733 1510 3816 primum

345 3863 384 3908 ac
413 3843 515 3907 solum
544 3841 708 3906 resolvisse
729 3839 824 3922 primi
845 3837 935 3921 pedis
964 3836 1120 3918 syllabam
1141 3834 1316 3899 secundam
1344 3832 1510 3914 octiesque

345 3941 407 4006 hac
430 3960 514 4005 nova
531 3959 641 4004 versus
662 3938 764 4003 torma
784 3956 877 4000 usum
896 3953 972 4012 esse,
994 3937 1080 3998 recte
1097 3933 1241 4016 exposuit
1261 3933 1294 3995 F.
1316 3929 1507 4012 Stange2).

426 4087 459 4158 l)
481 4086 647 4156 Paginanrm
678 4099 858 4150 versuumque
897 4077 1004 4135 numeri
1035 4081 1100 4133 sunt
1130 4077 1259 4134 editionis
1287 4073 1509 4160 Eyssenhardtii,

345 4173 540 4329 Βιμῇιῗὶὸοθῇ
558 4255 671 4312 metrias
687 4251 820 4310 Matiani
837 4251 971 4340 Capellae.
1008 4248 1067 4319 Lps.
1090 4249 1169 4314 1882,
1188 4265 1213 4318 p.
1232 4249 1274 4302 31.

1596 3822 1606 3858 'l
