<?xml version="1.0" encoding="UTF-8"?>
<!DOCTYPE html PUBLIC "-//W3C//DTD XHTML 1.0 Transitional//EN"
    "http://www.w3.org/TR/xhtml1/DTD/xhtml1-transitional.dtd">
<html xmlns="http://www.w3.org/1999/xhtml" xml:lang="en" lang="en">
 <head>
  <title>
</title>
<meta http-equiv="Content-Type" content="text/html;charset=utf-8" />
  <meta name='ocr-system' content='tesseract 3.04.00' />
  <meta name='ocr-capabilities' content='ocr_page ocr_carea ocr_par ocr_line ocrx_word'/>
</head>
<body>
  <div class='ocr_page' id='page_1' title='image "./demetrorumlyric00reicgoog_0072.png"; bbox 0 0 3262 5102; ppageno 0'>
   <div class='ocr_carea' id='block_1_1' title="bbox 103 609 254 686">
    <p class='ocr_par' dir='ltr' id='par_1_1' title="bbox 103 609 254 686">
     <span class='ocr_line' id='line_1_1' title="bbox 103 609 254 686; baseline 0.013 -14"><span class='ocrx_word' id='word_1_1' title='bbox 103 609 254 686; x_wconf 86' lang='lat'>1,16.17:</span> 
     </span>
    </p>
   </div>
   <div class='ocr_carea' id='block_1_2' title="bbox 303 705 1013 858">
    <p class='ocr_par' dir='ltr' id='par_1_2' title="bbox 303 705 1013 858">
     <span class='ocr_line' id='line_1_2' title="bbox 303 705 1013 858; baseline 0.003 -18"><span class='ocrx_word' id='word_1_2' title='bbox 303 724 409 841; x_wconf 73' lang='lat' dir='ltr'>Veirus</span> <span class='ocrx_word' id='word_1_3' title='bbox 430 795 641 840; x_wconf 89' lang='lat' dir='ltr'>reversum</span> <span class='ocrx_word' id='word_1_4' title='bbox 661 776 664 856; x_wconf 81' lang='lat' dir='ltr'>l</span> <span class='ocrx_word' id='word_1_5' title='bbox 683 705 814 858; x_wconf 76' lang='lat' dir='ltr'>speinat</span> <span class='ocrx_word' id='word_1_6' title='bbox 834 775 1013 842; x_wconf 78' lang='lat' dir='ltr'>Adonidcm</span> 
     </span>
    </p>
   </div>
   <div class='ocr_carea' id='block_1_3' title="bbox 301 875 1046 1028">
    <p class='ocr_par' dir='ltr' id='par_1_3' title="bbox 301 875 1046 1028">
     <span class='ocr_line' id='line_1_3' title="bbox 301 875 1046 1028; baseline 0.001 -19"><span class='ocrx_word' id='word_1_7' title='bbox 301 875 441 1012; x_wconf 73' lang='lat' dir='ltr'>Daninat</span> <span class='ocrx_word' id='word_1_8' title='bbox 463 946 679 1011; x_wconf 91' lang='lat' dir='ltr'>reductum</span> <span class='ocrx_word' id='word_1_9' title='bbox 698 945 702 1026; x_wconf 90' lang='grc' dir='ltr'>Ι</span> <span class='ocrx_word' id='word_1_10' title='bbox 722 891 860 1028; x_wconf 70' lang='lat' dir='ltr'>Cynihia</span> <span class='ocrx_word' id='word_1_11' title='bbox 883 944 1028 1012; x_wconf 80' lang='lat' dir='ltr'>Virdium</span> <span class='ocrx_word' id='word_1_12' title='bbox 1034 970 1046 1026; x_wconf 91' lang='lat'><em>;</em></span> 
     </span>
    </p>
   </div>
   <div class='ocr_carea' id='block_1_4' title="bbox 101 1051 994 1289">
    <p class='ocr_par' dir='ltr' id='par_1_4' title="bbox 101 1051 994 1289">
     <span class='ocr_line' id='line_1_4' title="bbox 101 1051 276 1132; baseline 0 -18"><span class='ocrx_word' id='word_1_13' title='bbox 101 1051 139 1128; x_wconf 88' lang='lat' dir='ltr'>lV,</span> <span class='ocrx_word' id='word_1_14' title='bbox 159 1053 203 1116; x_wconf 88' lang='grc'>33.</span> <span class='ocrx_word' id='word_1_15' title='bbox 221 1051 276 1132; x_wconf 75' lang='grc' dir='ltr'>34τ</span> 
     </span>
     <span class='ocr_line' id='line_1_5' title="bbox 323 1141 994 1289; baseline -0.004 -11"><span class='ocrx_word' id='word_1_16' title='bbox 323 1211 452 1282; x_wconf 78' lang='lat' dir='ltr'>Passim</span> <span class='ocrx_word' id='word_1_17' title='bbox 475 1160 562 1279; x_wconf 71' lang='lat' dir='ltr'>crim</span> <span class='ocrx_word' id='word_1_18' title='bbox 585 1141 738 1289; x_wconf 78' lang='lat' dir='ltr'>ducibusl</span> <span class='ocrx_word' id='word_1_19' title='bbox 761 1211 860 1278; x_wconf 80' lang='lat' dir='ltr'>ludite</span> <span class='ocrx_word' id='word_1_20' title='bbox 880 1158 994 1276; x_wconf 87' lang='lat' dir='ltr'>milites</span> 
     </span>
    </p>
   </div>
   <div class='ocr_carea' id='block_1_5' title="bbox 100 1313 1089 1560">
    <p class='ocr_par' dir='ltr' id='par_1_5' title="bbox 100 1313 1089 1560">
     <span class='ocr_line' id='line_1_6' title="bbox 326 1313 1089 1465; baseline 0 -21"><span class='ocrx_word' id='word_1_21' title='bbox 326 1378 457 1451; x_wconf 75' lang='lat' dir='ltr'>Passim</span> <span class='ocrx_word' id='word_1_22' title='bbox 479 1329 565 1448; x_wconf 71' lang='lat' dir='ltr'>crim</span> <span class='ocrx_word' id='word_1_23' title='bbox 588 1313 715 1465; x_wconf 60' lang='lat' dir='ltr'>puirisl</span> <span class='ocrx_word' id='word_1_24' title='bbox 737 1379 837 1446; x_wconf 81' lang='lat' dir='ltr'>ludite</span> <span class='ocrx_word' id='word_1_25' title='bbox 857 1327 1002 1464; x_wconf 85' lang='lat' dir='ltr'>virgines,</span> <span class='ocrx_word' id='word_1_26' title='bbox 1087 1415 1089 1420; x_wconf 95' lang='lat'>·</span> 
     </span>
     <span class='ocr_line' id='line_1_7' title="bbox 100 1483 327 1560; baseline 0.026 -14"><span class='ocrx_word' id='word_1_27' title='bbox 100 1483 139 1560; x_wconf 86' lang='lat' dir='ltr'>IV,</span> <span class='ocrx_word' id='word_1_28' title='bbox 159 1485 204 1548; x_wconf 83' lang='lat'>35.</span> <span class='ocrx_word' id='word_1_29' title='bbox 221 1485 276 1548; x_wconf 84' lang='lat'>36:</span> <span class='ocrx_word' id='word_1_30' title='bbox 323 1531 327 1552; x_wconf 60' lang='lat'><em>1</em></span> 
     </span>
    </p>
   </div>
   <div class='ocr_carea' id='block_1_6' title="bbox 201 1598 1019 1803">
    <p class='ocr_par' dir='ltr' id='par_1_6' title="bbox 201 1598 1019 1803">
     <span class='ocr_line' id='line_1_8' title="bbox 707 1598 724 1635; baseline 0 0"><span class='ocrx_word' id='word_1_31' title='bbox 707 1598 724 1635; x_wconf 70' lang='grc'><strong>8</strong></span> 
     </span>
     <span class='ocr_line' id='line_1_9' title="bbox 201 1651 964 1734; baseline 0 -18"><span class='ocrx_word' id='word_1_32' title='bbox 201 1651 288 1716; x_wconf 84' lang='lat' dir='ltr'>Haec</span> <span class='ocrx_word' id='word_1_33' title='bbox 308 1673 368 1718; x_wconf 81' lang='lat' dir='ltr'>voa</span> <span class='ocrx_word' id='word_1_34' title='bbox 389 1653 593 1720; x_wconf 81' lang='lat' dir='ltr'><strong>aetheriis</strong></span> <span class='ocrx_word' id='word_1_35' title='bbox 615 1653 796 1734; x_wconf 80' lang='lat' dir='ltr'>lintonet</span> <span class='ocrx_word' id='word_1_36' title='bbox 818 1651 964 1716; x_wconf 81' lang='lat' dir='ltr'><strong>axibus</strong></span> 
     </span>
     <span class='ocr_line' id='line_1_10' title="bbox 461 1747 1019 1803; baseline -0.004 0"><span class='ocrx_word' id='word_1_37' title='bbox 461 1749 479 1803; x_wconf 90' lang='lat' dir='ltr'>b</span> <span class='ocrx_word' id='word_1_38' title='bbox 771 1747 789 1801; x_wconf 91' lang='lat' dir='ltr'>b</span> <span class='ocrx_word' id='word_1_39' title='bbox 1003 1764 1019 1802; x_wconf 90' lang='lat' dir='ltr'>a</span> 
     </span>
    </p>
   </div>
   <div class='ocr_carea' id='block_1_7' title="bbox 98 1817 1242 2312">
    <p class='ocr_par' dir='ltr' id='par_1_7' title="bbox 200 1817 1120 1901">
     <span class='ocr_line' id='line_1_11' title="bbox 200 1817 1120 1901; baseline 0 -19"><span class='ocrx_word' id='word_1_40' title='bbox 200 1817 289 1884; x_wconf 85' lang='lat' dir='ltr'>Haeo</span> <span class='ocrx_word' id='word_1_41' title='bbox 309 1839 368 1884; x_wconf 79' lang='lat' dir='ltr'>voa</span> <span class='ocrx_word' id='word_1_42' title='bbox 388 1838 460 1901; x_wconf 92' lang='lat' dir='ltr'>per</span> <span class='ocrx_word' id='word_1_43' title='bbox 480 1819 657 1900; x_wconf 91' lang='lat' dir='ltr'>populos</span> <span class='ocrx_word' id='word_1_44' title='bbox 676 1817 679 1898; x_wconf 77' lang='lat' dir='ltr'>l</span> <span class='ocrx_word' id='word_1_45' title='bbox 698 1837 769 1901; x_wconf 91' lang='lat' dir='ltr'>per</span> <span class='ocrx_word' id='word_1_46' title='bbox 791 1837 901 1882; x_wconf 91' lang='lat' dir='ltr'>mare</span> <span class='ocrx_word' id='word_1_47' title='bbox 921 1821 1120 1883; x_wconf 87' lang='lat' dir='ltr'>transeat.</span> 
     </span>
    </p>

    <p class='ocr_par' dir='ltr' id='par_1_8' title="bbox 98 1927 1242 2312">
     <span class='ocr_line' id='line_1_12' title="bbox 166 1927 1240 2019; baseline 0.002 -22"><span class='ocrx_word' id='word_1_48' title='bbox 166 1933 251 1998; x_wconf 90' lang='lat' dir='ltr'>Haec</span> <span class='ocrx_word' id='word_1_49' title='bbox 280 1935 389 2019; x_wconf 90' lang='lat' dir='ltr'>itaque</span> <span class='ocrx_word' id='word_1_50' title='bbox 417 1936 570 2018; x_wconf 91' lang='lat' dir='ltr'>appellari</span> <span class='ocrx_word' id='word_1_51' title='bbox 598 1938 703 2017; x_wconf 87' lang='lat' dir='ltr'>potest</span> <span class='ocrx_word' id='word_1_52' title='bbox 732 1935 832 2000; x_wconf 88' lang='lat' dir='ltr'>altera</span> <span class='ocrx_word' id='word_1_53' title='bbox 858 1934 1025 2001; x_wconf 81' lang='lat' dir='ltr'>Claudiani</span> <span class='ocrx_word' id='word_1_54' title='bbox 1052 1927 1240 2018; x_wconf 85' lang='lat' dir='ltr'>proprietas,</span> 
     </span>
     <span class='ocr_line' id='line_1_13' title="bbox 100 2033 1242 2117; baseline 0.004 -24"><span class='ocrx_word' id='word_1_55' title='bbox 100 2049 160 2094; x_wconf 91' lang='lat' dir='ltr'>cum</span> <span class='ocrx_word' id='word_1_56' title='bbox 178 2033 300 2114; x_wconf 88' lang='lat' dir='ltr'>primus</span> <span class='ocrx_word' id='word_1_57' title='bbox 316 2035 358 2099; x_wconf 89' lang='lat' dir='ltr'>ad</span> <span class='ocrx_word' id='word_1_58' title='bbox 376 2039 500 2100; x_wconf 86' lang='lat' dir='ltr'>tantam</span> <span class='ocrx_word' id='word_1_59' title='bbox 518 2033 694 2116; x_wconf 84' lang='lat' dir='ltr'>figurarum</span> <span class='ocrx_word' id='word_1_60' title='bbox 709 2033 834 2098; x_wconf 81' lang='lat' dir='ltr'>illanrm</span> <span class='ocrx_word' id='word_1_61' title='bbox 849 2033 1037 2098; x_wconf 87' lang='lat' dir='ltr'>varietatem</span> <span class='ocrx_word' id='word_1_62' title='bbox 1052 2033 1242 2117; x_wconf 80' lang='lat' dir='ltr'>copiamque</span> 
     </span>
     <span class='ocr_line' id='line_1_14' title="bbox 99 2131 1242 2215; baseline 0.003 -24"><span class='ocrx_word' id='word_1_63' title='bbox 99 2149 192 2194; x_wconf 86' lang='lat' dir='ltr'>versus</span> <span class='ocrx_word' id='word_1_64' title='bbox 215 2131 384 2212; x_wconf 82' lang='lat' dir='ltr'>redegerit,</span> <span class='ocrx_word' id='word_1_65' title='bbox 406 2151 465 2196; x_wconf 92' lang='lat' dir='ltr'>nec</span> <span class='ocrx_word' id='word_1_66' title='bbox 486 2132 657 2214; x_wconf 88' lang='lat' dir='ltr'>quisquam</span> <span class='ocrx_word' id='word_1_67' title='bbox 677 2136 789 2214; x_wconf 90' lang='lat' dir='ltr'>postea</span> <span class='ocrx_word' id='word_1_68' title='bbox 810 2131 877 2209; x_wconf 86' lang='lat' dir='ltr'>luit,</span> <span class='ocrx_word' id='word_1_69' title='bbox 901 2133 956 2215; x_wconf 89' lang='lat' dir='ltr'>qui</span> <span class='ocrx_word' id='word_1_70' title='bbox 977 2131 1090 2197; x_wconf 80' lang='lat' dir='ltr'><strong>similia</strong></span> <span class='ocrx_word' id='word_1_71' title='bbox 1111 2132 1242 2214; x_wconf 89' lang='lat' dir='ltr'>protulit</span> 
     </span>
     <span class='ocr_line' id='line_1_15' title="bbox 98 2227 1187 2312; baseline 0.006 -23"><span class='ocrx_word' id='word_1_72' title='bbox 98 2227 146 2290; x_wconf 91' lang='lat' dir='ltr'>nisi</span> <span class='ocrx_word' id='word_1_73' title='bbox 167 2229 401 2311; x_wconf 85' lang='lat' dir='ltr'>Asclepiadius,</span> <span class='ocrx_word' id='word_1_74' title='bbox 424 2229 478 2312; x_wconf 89' lang='lat' dir='ltr'>qui</span> <span class='ocrx_word' id='word_1_75' title='bbox 501 2230 562 2294; x_wconf 92' lang='lat' dir='ltr'>hoc</span> <span class='ocrx_word' id='word_1_76' title='bbox 583 2250 642 2296; x_wconf 88' lang='lat' dir='ltr'>usu</span> <span class='ocrx_word' id='word_1_77' title='bbox 665 2230 877 2296; x_wconf 80' lang='lat' dir='ltr'><strong>Claudianum</strong></span> <span class='ocrx_word' id='word_1_78' title='bbox 897 2229 994 2294; x_wconf 88' lang='lat' dir='ltr'>etiam</span> <span class='ocrx_word' id='word_1_79' title='bbox 1016 2230 1187 2312; x_wconf 89' lang='lat' dir='ltr'>superavit.</span> 
     </span>
    </p>
   </div>
   <div class='ocr_carea' id='block_1_8' title="bbox 30 2344 1243 3038">
    <p class='ocr_par' dir='ltr' id='par_1_9' title="bbox 30 2344 1243 3038">
     <span class='ocr_line' id='line_1_16' title="bbox 167 2344 1242 2429; baseline 0 -21"><span class='ocrx_word' id='word_1_80' title='bbox 167 2344 308 2427; x_wconf 89' lang='lat' dir='ltr'>Denique</span> <span class='ocrx_word' id='word_1_81' title='bbox 346 2344 532 2427; x_wconf 88' lang='lat' dir='ltr'>anaphorae</span> <span class='ocrx_word' id='word_1_82' title='bbox 574 2347 720 2429; x_wconf 87' lang='lat' dir='ltr'>exempla</span> <span class='ocrx_word' id='word_1_83' title='bbox 759 2345 914 2429; x_wconf 91' lang='lat' dir='ltr'>simplicia</span> <span class='ocrx_word' id='word_1_84' title='bbox 951 2346 1119 2423; x_wconf 90' lang='lat' dir='ltr'>adnotem,</span> <span class='ocrx_word' id='word_1_85' title='bbox 1159 2365 1242 2429; x_wconf 89' lang='lat' dir='ltr'>quae</span> 
     </span>
     <span class='ocr_line' id='line_1_17' title="bbox 98 2443 1243 2530; baseline 0.004 -25"><span class='ocrx_word' id='word_1_86' title='bbox 98 2445 239 2522; x_wconf 89' lang='lat' dir='ltr'>praebent</span> <span class='ocrx_word' id='word_1_87' title='bbox 265 2465 375 2510; x_wconf 90' lang='lat' dir='ltr'>versus</span> <span class='ocrx_word' id='word_1_88' title='bbox 396 2445 425 2522; x_wconf 94' lang='grc' dir='ltr'>Ι,</span> <span class='ocrx_word' id='word_1_89' title='bbox 455 2445 586 2511; x_wconf 71' lang='grc'><strong>85-37.</strong></span> <span class='ocrx_word' id='word_1_90' title='bbox 602 2446 642 2511; x_wconf 74' lang='lat' dir='ltr'>aa</span> <span class='ocrx_word' id='word_1_91' title='bbox 672 2443 785 2530; x_wconf 83' lang='lat' dir='ltr'>(‘quis’)</span> <span class='ocrx_word' id='word_1_92' title='bbox 814 2447 864 2526; x_wconf 91' lang='lat' dir='ltr'>lV,</span> <span class='ocrx_word' id='word_1_93' title='bbox 891 2449 956 2512; x_wconf 85' lang='lat'>3.3</span> <span class='ocrx_word' id='word_1_94' title='bbox 985 2444 1109 2528; x_wconf 79' lang='lat' dir='ltr'>(iam‘),</span> <span class='ocrx_word' id='word_1_95' title='bbox 1140 2448 1187 2510; x_wconf 88' lang='grc'>19.</span> <span class='ocrx_word' id='word_1_96' title='bbox 1202 2446 1243 2511; x_wconf 72' lang='grc'>80</span> 
     </span>
     <span class='ocr_line' id='line_1_18' title="bbox 30 2538 239 2626; baseline 0.019 -21"><span class='ocrx_word' id='word_1_97' title='bbox 30 2597 31 2616; x_wconf 65' lang='lat'>,</span> <span class='ocrx_word' id='word_1_98' title='bbox 101 2538 239 2626; x_wconf 85' lang='lat' dir='ltr'>(‘quam’).</span> 
     </span>
     <span class='ocr_line' id='line_1_19' title="bbox 167 2656 1242 2741; baseline 0.006 -21"><span class='ocrx_word' id='word_1_99' title='bbox 167 2657 279 2724; x_wconf 90' lang='lat' dir='ltr'>lisdem</span> <span class='ocrx_word' id='word_1_100' title='bbox 319 2659 517 2741; x_wconf 79' lang='lat' dir='ltr'>temporibus</span> <span class='ocrx_word' id='word_1_101' title='bbox 556 2658 733 2724; x_wconf 88' lang='lat' dir='ltr'>Severus</span> <span class='ocrx_word' id='word_1_102' title='bbox 771 2662 947 2726; x_wconf 89' lang='lat' dir='ltr'>Sanctus</span> <span class='ocrx_word' id='word_1_103' title='bbox 986 2656 1208 2726; x_wconf 67' lang='lat' dir='ltr'>endelechiae</span> <span class='ocrx_word' id='word_1_104' title='bbox 1220 2657 1242 2740; x_wconf 85' lang='lat'>¹)</span> 
     </span>
     <span class='ocr_line' id='line_1_20' title="bbox 30 2753 1243 2843; baseline 0.004 -27"><span class='ocrx_word' id='word_1_105' title='bbox 30 2767 31 2794; x_wconf 79' lang='lat'>³</span> <span class='ocrx_word' id='word_1_106' title='bbox 97 2753 201 2835; x_wconf 81' lang='lat' dir='ltr'>rhetor,</span> <span class='ocrx_word' id='word_1_107' title='bbox 221 2757 348 2822; x_wconf 93' lang='lat' dir='ltr'>Paulini</span> <span class='ocrx_word' id='word_1_108' title='bbox 358 2757 474 2822; x_wconf 94' lang='lat' dir='ltr'>Nolani</span> <span class='ocrx_word' id='word_1_109' title='bbox 489 2759 621 2838; x_wconf 87' lang='lat' dir='ltr'>amicus,</span> <span class='ocrx_word' id='word_1_110' title='bbox 644 2757 695 2842; x_wconf 86' lang='lat' dir='ltr'>(ef.</span> <span class='ocrx_word' id='word_1_111' title='bbox 714 2760 803 2826; x_wconf 85' lang='lat' dir='ltr'>Paul.</span> <span class='ocrx_word' id='word_1_112' title='bbox 820 2761 909 2843; x_wconf 87' lang='lat' dir='ltr'>epist.</span> <span class='ocrx_word' id='word_1_113' title='bbox 927 2761 976 2839; x_wconf 73' lang='grc'>38,</span> <span class='ocrx_word' id='word_1_114' title='bbox 992 2758 1024 2841; x_wconf 86' lang='grc'>6)</span> <span class='ocrx_word' id='word_1_115' title='bbox 1037 2760 1077 2823; x_wconf 89' lang='grc'>33</span> <span class='ocrx_word' id='word_1_116' title='bbox 1095 2758 1243 2840; x_wconf 88' lang='lat' dir='ltr'>strophas</span> 
     </span>
     <span class='ocr_line' id='line_1_21' title="bbox 97 2855 1243 2940; baseline 0.005 -26"><span class='ocrx_word' id='word_1_117' title='bbox 97 2858 189 2918; x_wconf 88' lang='lat' dir='ltr'>metro</span> <span class='ocrx_word' id='word_1_118' title='bbox 216 2855 416 2937; x_wconf 86' lang='lat' dir='ltr'>asclepiadeo</span> <span class='ocrx_word' id='word_1_119' title='bbox 448 2856 500 2920; x_wconf 91' lang='lat' dir='ltr'>illo</span> <span class='ocrx_word' id='word_1_120' title='bbox 526 2857 684 2934; x_wconf 79' lang='lat' dir='ltr'><strong>condidit,</strong></span> <span class='ocrx_word' id='word_1_121' title='bbox 714 2877 779 2940; x_wconf 88' lang='lat' dir='ltr'>quo</span> <span class='ocrx_word' id='word_1_122' title='bbox 801 2856 990 2940; x_wconf 89' lang='lat' dir='ltr'>asclepiadei</span> <span class='ocrx_word' id='word_1_123' title='bbox 1019 2858 1159 2923; x_wconf 87' lang='lat' dir='ltr'>minores</span> <span class='ocrx_word' id='word_1_124' title='bbox 1179 2860 1243 2921; x_wconf 89' lang='lat' dir='ltr'>tres</span> 
     </span>
     <span class='ocr_line' id='line_1_22' title="bbox 97 2954 1200 3038; baseline 0.005 -25"><span class='ocrx_word' id='word_1_125' title='bbox 97 2969 158 3016; x_wconf 89' lang='lat' dir='ltr'>cum</span> <span class='ocrx_word' id='word_1_126' title='bbox 179 2954 330 3036; x_wconf 83' lang='lat' dir='ltr'>glyconeo</span> <span class='ocrx_word' id='word_1_127' title='bbox 352 2955 519 3019; x_wconf 78' lang='lat' dir='ltr'>claudente</span> <span class='ocrx_word' id='word_1_128' title='bbox 541 2957 708 3038; x_wconf 85' lang='lat' dir='ltr'>stropham</span> <span class='ocrx_word' id='word_1_129' title='bbox 730 2955 909 3034; x_wconf 87' lang='lat' dir='ltr'>conficiunt,</span> <span class='ocrx_word' id='word_1_130' title='bbox 933 2956 971 3020; x_wconf 89' lang='lat' dir='ltr'>cf.</span> <span class='ocrx_word' id='word_1_131' title='bbox 993 2955 1069 3021; x_wconf 88' lang='lat' dir='ltr'>Hor.</span> <span class='ocrx_word' id='word_1_132' title='bbox 1092 2957 1114 3034; x_wconf 88' lang='lat' dir='ltr'>l,</span> <span class='ocrx_word' id='word_1_133' title='bbox 1137 2954 1200 3037; x_wconf 77' lang='lat'><strong>6⁸).</strong></span> 
     </span>
    </p>
   </div>
   <div class='ocr_carea' id='block_1_9' title="bbox 94 3065 1243 3448">
    <p class='ocr_par' dir='ltr' id='par_1_10' title="bbox 94 3065 1243 3448">
     <span class='ocr_line' id='line_1_23' title="bbox 166 3065 1242 3138; baseline 0 -4"><span class='ocrx_word' id='word_1_134' title='bbox 166 3069 248 3135; x_wconf 89' lang='lat' dir='ltr'>Usus</span> <span class='ocrx_word' id='word_1_135' title='bbox 269 3090 345 3136; x_wconf 92' lang='lat' dir='ltr'>vero</span> <span class='ocrx_word' id='word_1_136' title='bbox 366 3072 466 3138; x_wconf 82' lang='lat' dir='ltr'>verba</span> <span class='ocrx_word' id='word_1_137' title='bbox 488 3072 663 3137; x_wconf 86' lang='lat' dir='ltr'>collocandi</span> <span class='ocrx_word' id='word_1_138' title='bbox 682 3073 715 3136; x_wconf 93' lang='lat' dir='ltr'>in</span> <span class='ocrx_word' id='word_1_139' title='bbox 736 3072 799 3136; x_wconf 87' lang='lat' dir='ltr'>hoc</span> <span class='ocrx_word' id='word_1_140' title='bbox 820 3065 962 3137; x_wconf 87' lang='lat' dir='ltr'>carmine</span> <span class='ocrx_word' id='word_1_141' title='bbox 982 3072 1127 3138; x_wconf 88' lang='lat' dir='ltr'>bucolico</span> <span class='ocrx_word' id='word_1_142' title='bbox 1146 3070 1242 3135; x_wconf 90' lang='lat' dir='ltr'>inler-</span> 
     </span>
     <span class='ocr_line' id='line_1_24' title="bbox 96 3164 1242 3253; baseline 0.005 -25"><span class='ocrx_word' id='word_1_143' title='bbox 96 3164 164 3230; x_wconf 91' lang='lat' dir='ltr'>dum</span> <span class='ocrx_word' id='word_1_144' title='bbox 194 3169 353 3251; x_wconf 83' lang='lat' dir='ltr'>discrepat</span> <span class='ocrx_word' id='word_1_145' title='bbox 385 3189 459 3234; x_wconf 89' lang='lat' dir='ltr'>cum</span> <span class='ocrx_word' id='word_1_146' title='bbox 488 3169 682 3235; x_wconf 87' lang='lat' dir='ltr'>Horatiano:</span> <span class='ocrx_word' id='word_1_147' title='bbox 714 3190 847 3235; x_wconf 87' lang='lat' dir='ltr'>caesura</span> <span class='ocrx_word' id='word_1_148' title='bbox 873 3189 989 3252; x_wconf 90' lang='lat' dir='ltr'>nempe</span> <span class='ocrx_word' id='word_1_149' title='bbox 1019 3173 1092 3253; x_wconf 87' lang='lat' dir='ltr'>post</span> <span class='ocrx_word' id='word_1_150' title='bbox 1120 3173 1242 3234; x_wconf 84' lang='lat' dir='ltr'>sextam</span> 
     </span>
     <span class='ocr_line' id='line_1_25' title="bbox 95 3264 1243 3351; baseline 0.004 -27"><span class='ocrx_word' id='word_1_151' title='bbox 95 3264 243 3345; x_wconf 80' lang='lat' dir='ltr'>syllabam</span> <span class='ocrx_word' id='word_1_152' title='bbox 265 3268 375 3350; x_wconf 89' lang='lat' dir='ltr'>utique</span> <span class='ocrx_word' id='word_1_153' title='bbox 405 3268 529 3349; x_wconf 84' lang='lat' dir='ltr'>integra</span> <span class='ocrx_word' id='word_1_154' title='bbox 553 3271 694 3345; x_wconf 78' lang='lat' dir='ltr'>constat3</span> <span class='ocrx_word' id='word_1_155' title='bbox 726 3268 771 3332; x_wconf 90' lang='lat' dir='ltr'>ita</span> <span class='ocrx_word' id='word_1_156' title='bbox 793 3271 901 3333; x_wconf 87' lang='lat' dir='ltr'>autem</span> <span class='ocrx_word' id='word_1_157' title='bbox 929 3267 1056 3351; x_wconf 90' lang='lat' dir='ltr'>proprie</span> <span class='ocrx_word' id='word_1_158' title='bbox 1077 3267 1129 3330; x_wconf 86' lang='lat' dir='ltr'>hic</span> <span class='ocrx_word' id='word_1_159' title='bbox 1155 3266 1243 3330; x_wconf 90' lang='lat' dir='ltr'>locus</span> 
     </span>
     <span class='ocr_line' id='line_1_26' title="bbox 94 3365 1243 3448; baseline 0.003 -24"><span class='ocrx_word' id='word_1_160' title='bbox 94 3369 221 3445; x_wconf 88' lang='lat' dir='ltr'>apoeta</span> <span class='ocrx_word' id='word_1_161' title='bbox 242 3370 415 3445; x_wconf 87' lang='lat' dir='ltr'>tractatur,</span> <span class='ocrx_word' id='word_1_162' title='bbox 444 3371 481 3432; x_wconf 87' lang='lat' dir='ltr'>ut</span> <span class='ocrx_word' id='word_1_163' title='bbox 501 3365 563 3431; x_wconf 90' lang='lat' dir='ltr'>illic</span> <span class='ocrx_word' id='word_1_164' title='bbox 585 3366 694 3433; x_wconf 88' lang='lat' dir='ltr'>novies</span> <span class='ocrx_word' id='word_1_165' title='bbox 715 3367 869 3448; x_wconf 83' lang='lat' dir='ltr'>graviter,</span> <span class='ocrx_word' id='word_1_166' title='bbox 895 3366 990 3432; x_wconf 88' lang='lat' dir='ltr'>vicies</span> <span class='ocrx_word' id='word_1_167' title='bbox 1012 3365 1112 3430; x_wconf 87' lang='lat' dir='ltr'>sexies</span> <span class='ocrx_word' id='word_1_168' title='bbox 1133 3365 1243 3429; x_wconf 89' lang='lat' dir='ltr'>leviter</span> 
     </span>
    </p>
   </div>
   <div class='ocr_carea' id='block_1_10' title="bbox 94 3496 278 3508">
    <p class='ocr_par' dir='ltr' id='par_1_11' title="bbox 94 3496 278 3508">
     <span class='ocr_line' id='line_1_27' title="bbox 94 3496 278 3508; baseline 0.027 -5"><span class='ocrx_word' id='word_1_169' title='bbox 94 3496 278 3508; x_wconf 32' lang='lat'>5—-</span> 
     </span>
    </p>
   </div>
   <div class='ocr_carea' id='block_1_11' title="bbox 93 3558 1241 3712">
    <p class='ocr_par' dir='ltr' id='par_1_12' title="bbox 93 3558 1241 3712">
     <span class='ocr_line' id='line_1_28' title="bbox 154 3558 1241 3630; baseline -0.001 -17"><span class='ocrx_word' id='word_1_170' title='bbox 154 3559 180 3626; x_wconf 90' lang='lat' dir='ltr'>l)</span> <span class='ocrx_word' id='word_1_171' title='bbox 198 3559 329 3630; x_wconf 80' lang='lat' dir='ltr'>iligna,</span> <span class='ocrx_word' id='word_1_172' title='bbox 348 3560 450 3616; x_wconf 87' lang='lat' dir='ltr'>Patrol.</span> <span class='ocrx_word' id='word_1_173' title='bbox 470 3560 519 3616; x_wconf 74' lang='lat' dir='ltr'>let</span> <span class='ocrx_word' id='word_1_174' title='bbox 540 3561 579 3626; x_wconf 88' lang='grc'>19,</span> <span class='ocrx_word' id='word_1_175' title='bbox 599 3561 659 3616; x_wconf 70' lang='grc'><strong>388.</strong></span> <span class='ocrx_word' id='word_1_176' title='bbox 677 3589 706 3602; x_wconf 86' lang='grc'>-·</span> <span class='ocrx_word' id='word_1_177' title='bbox 720 3560 941 3625; x_wconf 86' lang='lat' dir='ltr'>Wernsdorl,</span> <span class='ocrx_word' id='word_1_178' title='bbox 959 3563 1033 3630; x_wconf 87' lang='lat' dir='ltr'>poet.</span> <span class='ocrx_word' id='word_1_179' title='bbox 1051 3560 1102 3616; x_wconf 82' lang='lat' dir='ltr'>lai.</span> <span class='ocrx_word' id='word_1_180' title='bbox 1121 3559 1186 3614; x_wconf 87' lang='lat' dir='ltr'>min.</span> <span class='ocrx_word' id='word_1_181' title='bbox 1206 3558 1241 3622; x_wconf 93' lang='lat' dir='ltr'>ll,</span> 
     </span>
     <span class='ocr_line' id='line_1_29' title="bbox 93 3639 582 3712; baseline 0.01 -17"><span class='ocrx_word' id='word_1_182' title='bbox 93 3639 144 3698; x_wconf 80' lang='grc'><strong>218.</strong></span> <span class='ocrx_word' id='word_1_183' title='bbox 163 3672 195 3684; x_wconf 87' lang='grc'><strong>-</strong></span> <span class='ocrx_word' id='word_1_184' title='bbox 214 3645 335 3712; x_wconf 84' lang='lat' dir='ltr'>Riese,</span> <span class='ocrx_word' id='word_1_185' title='bbox 352 3645 436 3702; x_wconf 77' lang='lat' dir='ltr'>Auru.</span> <span class='ocrx_word' id='word_1_186' title='bbox 457 3645 505 3701; x_wconf 84' lang='lat' dir='ltr'>lat.</span> <span class='ocrx_word' id='word_1_187' title='bbox 523 3645 582 3702; x_wconf 87' lang='grc'><strong>893.</strong></span> 
     </span>
    </p>
   </div>
   <div class='ocr_carea' id='block_1_12' title="bbox 93 3758 1243 4349">
    <p class='ocr_par' dir='ltr' id='par_1_13' title="bbox 93 3758 1243 4349">
     <span class='ocr_line' id='line_1_30' title="bbox 153 3758 1242 3834; baseline -0.001 -21"><span class='ocrx_word' id='word_1_188' title='bbox 153 3759 182 3828; x_wconf 78' lang='grc'>2)</span> <span class='ocrx_word' id='word_1_189' title='bbox 200 3761 228 3816; x_wconf 81' lang='lat' dir='ltr'>L.</span> <span class='ocrx_word' id='word_1_190' title='bbox 240 3761 357 3818; x_wconf 85' lang='lat' dir='ltr'>Mueller</span> <span class='ocrx_word' id='word_1_191' title='bbox 375 3763 409 3818; x_wconf 88' lang='lat' dir='ltr'>de</span> <span class='ocrx_word' id='word_1_192' title='bbox 426 3780 456 3819; x_wconf 87' lang='lat' dir='ltr'>re</span> <span class='ocrx_word' id='word_1_193' title='bbox 475 3761 590 3818; x_wconf 81' lang='lat' dir='ltr'>metrica</span> <span class='ocrx_word' id='word_1_194' title='bbox 606 3782 633 3834; x_wconf 91' lang='lat' dir='ltr'>p.</span> <span class='ocrx_word' id='word_1_195' title='bbox 651 3761 701 3817; x_wconf 85' lang='lat'>118</span> <span class='ocrx_word' id='word_1_196' title='bbox 717 3766 828 3834; x_wconf 82' lang='lat' dir='ltr'>praeter</span> <span class='ocrx_word' id='word_1_197' title='bbox 845 3760 990 3834; x_wconf 78' lang='lat' dir='ltr'>sapphioas</span> <span class='ocrx_word' id='word_1_198' title='bbox 1006 3758 1242 3832; x_wconf 77' lang='lat' dir='ltr'>strophas‘eliena</span> 
     </span>
     <span class='ocr_line' id='line_1_31' title="bbox 93 3843 1243 3919; baseline 0.002 -23"><span class='ocrx_word' id='word_1_199' title='bbox 93 3843 207 3900; x_wconf 79' lang='lat' dir='ltr'>eiusdem</span> <span class='ocrx_word' id='word_1_200' title='bbox 228 3847 338 3904; x_wconf 83' lang='lat' dir='ltr'>Horatii</span> <span class='ocrx_word' id='word_1_201' title='bbox 362 3851 514 3919; x_wconf 82' lang='lat' dir='ltr'>systemate</span> <span class='ocrx_word' id='word_1_202' title='bbox 536 3847 732 3919; x_wconf 77' lang='lat' dir='ltr'>tetrastrophe&#39;</span> <span class='ocrx_word' id='word_1_203' title='bbox 755 3849 789 3905; x_wconf 84' lang='lat' dir='ltr'>se</span> <span class='ocrx_word' id='word_1_204' title='bbox 807 3848 945 3904; x_wconf 83' lang='lat' dir='ltr'>invenisse</span> <span class='ocrx_word' id='word_1_205' title='bbox 968 3847 1047 3903; x_wconf 87' lang='lat' dir='ltr'>nulla</span> <span class='ocrx_word' id='word_1_206' title='bbox 1069 3845 1132 3901; x_wconf 87' lang='lat' dir='ltr'>‘nisi</span> <span class='ocrx_word' id='word_1_207' title='bbox 1157 3845 1243 3902; x_wconf 85' lang='lat' dir='ltr'>semel</span> 
     </span>
     <span class='ocr_line' id='line_1_32' title="bbox 93 3929 1240 4000; baseline 0.002 -17"><span class='ocrx_word' id='word_1_208' title='bbox 93 3929 217 3986; x_wconf 86' lang='lat' dir='ltr'>alcaicum</span> <span class='ocrx_word' id='word_1_209' title='bbox 239 3933 322 3989; x_wconf 84' lang='lat' dir='ltr'>Statii</span> <span class='ocrx_word' id='word_1_210' title='bbox 341 3933 434 3990; x_wconf 85' lang='lat' dir='ltr'>Severi</span> <span class='ocrx_word' id='word_1_211' title='bbox 455 3933 675 3990; x_wconf 86' lang='lat' dir='ltr'>choriambicum&#39;</span> <span class='ocrx_word' id='word_1_212' title='bbox 696 3934 772 3992; x_wconf 81' lang='lat' dir='ltr'>dicit.</span> <span class='ocrx_word' id='word_1_213' title='bbox 807 3935 861 3991; x_wconf 86' lang='lat' dir='ltr'>Sed</span> <span class='ocrx_word' id='word_1_214' title='bbox 883 3934 1005 3992; x_wconf 89' lang='lat' dir='ltr'>desidero</span> <span class='ocrx_word' id='word_1_215' title='bbox 1023 3930 1150 3990; x_wconf 82' lang='lat' dir='ltr'>Vestrioii</span> <span class='ocrx_word' id='word_1_216' title='bbox 1172 3931 1240 4000; x_wconf 84' lang='lat' dir='ltr'>Spu-</span> 
     </span>
     <span class='ocr_line' id='line_1_33' title="bbox 93 4014 1242 4092; baseline -0.001 -23"><span class='ocrx_word' id='word_1_217' title='bbox 93 4014 182 4072; x_wconf 88' lang='lat' dir='ltr'>rinnae</span> <span class='ocrx_word' id='word_1_218' title='bbox 200 4034 308 4074; x_wconf 87' lang='lat' dir='ltr'>carmen</span> <span class='ocrx_word' id='word_1_219' title='bbox 326 4021 372 4086; x_wconf 93' lang='lat' dir='ltr'>IV,</span> <span class='ocrx_word' id='word_1_220' title='bbox 391 4022 464 4090; x_wconf 91' lang='lat' dir='ltr'>quod</span> <span class='ocrx_word' id='word_1_221' title='bbox 483 4037 651 4091; x_wconf 84' lang='lat' dir='ltr'>quamquem</span> <span class='ocrx_word' id='word_1_222' title='bbox 669 4020 749 4075; x_wconf 85' lang='lat' dir='ltr'>valde</span> <span class='ocrx_word' id='word_1_223' title='bbox 768 4025 810 4076; x_wconf 82' lang='lat' dir='ltr'>est</span> <span class='ocrx_word' id='word_1_224' title='bbox 826 4022 1007 4092; x_wconf 83' lang='lat' dir='ltr'>depravatum</span> <span class='ocrx_word' id='word_1_225' title='bbox 1026 4020 1056 4075; x_wconf 83' lang='lat' dir='ltr'>et</span> <span class='ocrx_word' id='word_1_226' title='bbox 1077 4017 1242 4087; x_wconf 84' lang='lat' dir='ltr'>suspectum,</span> 
     </span>
     <span class='ocr_line' id='line_1_34' title="bbox 93 4100 1241 4177; baseline 0 -23"><span class='ocrx_word' id='word_1_227' title='bbox 93 4100 215 4157; x_wconf 88' lang='lat' dir='ltr'>hocloco</span> <span class='ocrx_word' id='word_1_228' title='bbox 233 4105 322 4160; x_wconf 87' lang='lat' dir='ltr'>celare</span> <span class='ocrx_word' id='word_1_229' title='bbox 340 4123 394 4162; x_wconf 88' lang='lat' dir='ltr'>uon</span> <span class='ocrx_word' id='word_1_230' title='bbox 412 4106 499 4174; x_wconf 85' lang='lat' dir='ltr'>licuit,</span> <span class='ocrx_word' id='word_1_231' title='bbox 517 4125 607 4177; x_wconf 87' lang='lat' dir='ltr'>neque</span> <span class='ocrx_word' id='word_1_232' title='bbox 624 4106 768 4177; x_wconf 78' lang='lat' dir='ltr'>intellego,</span> <span class='ocrx_word' id='word_1_233' title='bbox 787 4124 841 4176; x_wconf 83' lang='lat' dir='ltr'>qua</span> <span class='ocrx_word' id='word_1_234' title='bbox 859 4109 892 4162; x_wconf 91' lang='lat' dir='ltr'>de</span> <span class='ocrx_word' id='word_1_235' title='bbox 911 4124 993 4162; x_wconf 86' lang='lat' dir='ltr'>causa</span> <span class='ocrx_word' id='word_1_236' title='bbox 1010 4105 1052 4162; x_wconf 83' lang='lat' dir='ltr'>vir</span> <span class='ocrx_word' id='word_1_237' title='bbox 1069 4101 1241 4159; x_wconf 77' lang='lat' dir='ltr'>doctissimus</span> 
     </span>
     <span class='ocr_line' id='line_1_35' title="bbox 94 4185 1242 4264; baseline 0.002 -25"><span class='ocrx_word' id='word_1_238' title='bbox 94 4185 118 4240; x_wconf 93' lang='lat' dir='ltr'>id</span> <span class='ocrx_word' id='word_1_239' title='bbox 134 4189 283 4258; x_wconf 86' lang='lat' dir='ltr'>reticuerit,</span> <span class='ocrx_word' id='word_1_240' title='bbox 303 4209 364 4248; x_wconf 89' lang='lat' dir='ltr'>cum</span> <span class='ocrx_word' id='word_1_241' title='bbox 380 4208 491 4249; x_wconf 86' lang='lat' dir='ltr'>carmen</span> <span class='ocrx_word' id='word_1_242' title='bbox 504 4193 608 4264; x_wconf 79' lang='lat' dir='ltr'>fugisse</span> <span class='ocrx_word' id='word_1_243' title='bbox 626 4211 688 4250; x_wconf 85' lang='lat' dir='ltr'>eum</span> <span class='ocrx_word' id='word_1_244' title='bbox 708 4192 836 4250; x_wconf 84' lang='lat' dir='ltr'>arbitrari</span> <span class='ocrx_word' id='word_1_245' title='bbox 854 4211 996 4264; x_wconf 84' lang='lat' dir='ltr'>nequeam.</span> <span class='ocrx_word' id='word_1_246' title='bbox 1029 4191 1160 4261; x_wconf 77' lang='lat' dir='ltr'>strophae</span> <span class='ocrx_word' id='word_1_247' title='bbox 1178 4204 1242 4243; x_wconf 85' lang='lat' dir='ltr'>vero</span> 
     </span>
     <span class='ocr_line' id='line_1_36' title="bbox 93 4271 1164 4349; baseline 0.009 -24"><span class='ocrx_word' id='word_1_248' title='bbox 93 4271 204 4328; x_wconf 82' lang='lat' dir='ltr'>eleaioes</span> <span class='ocrx_word' id='word_1_249' title='bbox 219 4292 253 4330; x_wconf 84' lang='lat' dir='ltr'>ne</span> <span class='ocrx_word' id='word_1_250' title='bbox 272 4293 324 4346; x_wconf 76' lang='lat' dir='ltr'>ego</span> <span class='ocrx_word' id='word_1_251' title='bbox 344 4278 460 4348; x_wconf 85' lang='lat' dir='ltr'>quidem.</span> <span class='ocrx_word' id='word_1_252' title='bbox 472 4293 588 4349; x_wconf 79' lang='lat' dir='ltr'>usquam</span> <span class='ocrx_word' id='word_1_253' title='bbox 606 4279 675 4336; x_wconf 83' lang='lat' dir='ltr'>elias</span> <span class='ocrx_word' id='word_1_254' title='bbox 692 4277 761 4347; x_wconf 74' lang='lat' dir='ltr'>legi,</span> <span class='ocrx_word' id='word_1_255' title='bbox 779 4293 812 4334; x_wconf 83' lang='lat' dir='ltr'>ec</span> <span class='ocrx_word' id='word_1_256' title='bbox 829 4285 904 4343; x_wconf 78' lang='lat' dir='ltr'>reete</span> <span class='ocrx_word' id='word_1_257' title='bbox 920 4281 1025 4336; x_wconf 81' lang='lat' dir='ltr'>iudicet</span> <span class='ocrx_word' id='word_1_258' title='bbox 1041 4281 1164 4336; x_wconf 82' lang='lat' dir='ltr'>Mueller.</span> 
     </span>
    </p>
   </div>
   <div class='ocr_carea' id='block_1_13' title="bbox 0 0 1636 5102">
    <p class='ocr_par' dir='ltr' id='par_1_14' title="bbox 0 0 1636 5102">
     <span class='ocr_line' id='line_1_37' title="bbox 0 0 1636 5102; baseline 0 2"><span class='ocrx_word' id='word_1_259' title='bbox 0 0 1636 5102; x_wconf 95' lang='lat' dir='ltr'> </span> 
     </span>
    </p>
   </div>
  </div>
 </body>
</html>
