3262 5102
915 475 934 548 p

343 661 549 729 lateinischen
570 661 730 739 Dichtern,
753 661 928 728 Innsbruck
950 664 1028 727 1878
1043 662 1063 744 1)
1086 667 1118 726 et
1139 664 1172 729 L.
1194 655 1322 742 Miiller,
1346 664 1400 746 qui
1420 650 1500 730 libro

340 773 390 853 cde
411 791 446 836 re
467 771 608 835 metrioa'
629 772 731 834 multa
754 791 807 834 me
829 771 945 835 docuit.
988 770 1051 834 Sed
1072 791 1113 836 ne
1129 771 1234 835 latius
1253 777 1425 852 vagaretur
1447 793 1502 837 ex-

341 879 479 960 plicati0,
495 898 560 942 non
575 878 634 944 nisi
652 877 801 960 strophas
815 897 988 959 versusque
1003 878 1174 960 sapphicos
1187 878 1336 956 minores,
1355 879 1501 957 alcaicoS,

341 986 558 1068 asclepiadeos
577 984 716 1047 minores
736 984 779 1048 ad
801 985 1075 1066 comparationem
1096 985 1275 1066 adsumpsi,
1298 1004 1358 1048 nec
1378 985 1503 1066 longius

341 1093 561 1176 quaestionem
590 1090 727 1173 produxi
757 1111 856 1173 quarn
888 1091 931 1155 ad
967 1091 1155 1172 Gregorium
1185 1091 1339 1172 Magnum
1359 1112 1502 1173 papam,

342 1200 417 1281 quia
448 1203 480 1262 et
509 1198 559 1261 his
595 1199 705 1262 metris
738 1199 814 1262 satis
846 1189 1005 1280 superque
1043 1197 1223 1262 differentia
1256 1199 1502 1281 similitudoque,

342 1307 452 1388 quales
473 1308 581 1370 extent
600 1305 683 1370 inter
704 1310 832 1391 poetas,
860 1306 996 1387 perspici
1017 1309 1167 1387 possunt,
1189 1309 1221 1369 et
1242 1305 1412 1386 Gregorius
1431 1307 1504 1370 ulti-

341 1434 412 1477 mus
434 1413 672 1496 quodammodo
695 1416 743 1476 est
763 1412 941 1490 habendus,
962 1413 1018 1493 qui
1036 1413 1068 1475 in
1090 1411 1222 1476 historia
1241 1412 1419 1476 litterarum
1438 1414 1505 1476 Ro-

340 1541 512 1586 manarum
540 1520 582 1584 ad
612 1523 755 1584 nostram
784 1540 853 1583 rem
882 1521 947 1584 vim
976 1520 1105 1585 habeat.
1153 1519 1329 1584 Maximum
1361 1520 1505 1601 profecto

341 1647 408 1692 esse
430 1648 560 1709 agrum,
588 1647 684 1710 quem
707 1627 809 1691 colere
830 1627 910 1690 mihi
930 1631 978 1691 est
999 1627 1215 1709 propositum,
1242 1645 1337 1690 nemo
1357 1627 1504 1708 negabit3

342 1737 439 1816 atque
460 1752 574 1817 pauca,
597 1753 680 1815 quae
699 1734 813 1810 inveni,
837 1734 931 1806 edere
953 1754 1074 1810 verear,
1098 1733 1158 1796 nisi
1181 1751 1329 1797 censeam
1350 1754 1397 1810 ea,
1422 1755 1506 1816 quae

341 1841 405 1905 suis
437 1841 572 1922 quisque
605 1841 725 1916 viribus
757 1844 833 1922 apta
867 1840 1051 1922 perfecerit,
1087 1841 1145 1904 etsi
1176 1840 1238 1903 sint
1269 1840 1399 1921 exigua,
1433 1861 1507 1904 cum

341 1949 562 2012 benevolentia
599 1967 667 2011 esse
706 1947 901 2029 accipienda.
955 1949 1069 2030 ltaque
1108 1967 1238 2034 securus
1268 1947 1507 2011 observationes

341 2074 431 2118 meas
452 2055 602 2136 deinceps
622 2054 811 2140 proferam„

412 2250 436 2320 1)
457 2251 467 2302 l
488 2251 573 2320 praef.
592 2251 734 2314 I-XVIl,
754 2268 779 2319 p.
801 2251 874 2304 1-6.
