3262 5102
645 449 686 512 43

102 651 159 694 esse
197 630 401 695 manifestum
423 630 506 702 'est3
551 645 589 690 eo
621 627 724 708 magis
758 628 970 710 suspicionem
999 633 1123 708 movet,
1164 628 1251 710 quod

102 731 267 814 Sapphonis
288 727 474 809 fragmentis
504 726 638 790 inmixta
669 728 826 807 reperitur
854 729 934 792 haec
955 729 1088 811 stropha
1109 731 1149 794 Ab
1172 728 1250 810 (edi-

102 832 183 896 tionis
200 830 365 894 Neuianae
390 824 479 906 135):

295 932 325 990 K
331 929 371 987 εἶ
376 946 461 1002 νον,
485 913 510 987 ol
533 922 737 1004 χρυσόθρονε
759 927 883 1006 Μοῦσ’,
907 927 1038 1001 ἔνισπες

295 1040 316 1105 ῧ
323 1066 347 1124 μ
357 1065 440 1116 ναν,
463 1043 497 1103 ἐκ
519 1043 578 1114 τᾶς
599 1039 837 1122 καλλιγύναικος
859 1043 984 1118 ἐσθλᾶς

300 1160 421 1248 Τήιος
441 1158 546 1240 χώρας
566 1155 606 1222 ὃν
627 1156 719 1222 ἄειδε
739 1164 884 1241 τερπνῶς

389 1263 574 1341 πρέσβυς
594 1259 763 1340 ἀγαυός,

104 1361 215 1438 inqua
243 1361 429 1442 compositio
458 1360 629 1424 verborum
658 1380 677 1424 a
706 1361 879 1443 Sapphone
908 1362 1012 1426 aliena
1042 1365 1089 1425 est
1119 1364 1150 1425 et
1178 1380 1252 1423 cum

47 1519 48 1522 ,
105 1461 241 1540 Rerglxius
271 1477 399 1540 quoque
424 1460 582 1524 Athenaei
611 1461 790 1525 testimonio
819 1462 978 1527 adductus
1008 1461 1151 1544 spuriam
1179 1481 1252 1525 earn

106 1581 162 1624 esse
181 1561 254 1624 velit
266 1559 305 1641 ¹),
328 1560 394 1623 iure
416 1559 649 1639 dubitabimuS,
671 1579 750 1623 num
772 1561 811 1624 s'it
833 1561 991 1643 Sapphus

172 1677 288 1755 Quodsi
317 1678 350 1740 in
372 1678 555 1742 universum
578 1678 735 1742 rationem
767 1679 948 1760 comparari
970 1679 1043 1744 licet
1074 1684 1106 1743 et
1127 1680 1252 1749 Horatii

104 1781 129 1840 et
146 1783 305 1859 poetarum
322 1778 557 1856 Lesbiacorum,
580 1782 715 1860 apparet
729 1777 914 1842 Romanum
929 1783 1060 1860 poetam
1075 1780 1107 1842 id
1126 1799 1251 1861 semper

104 1881 255 1957 spectasse,
278 1882 313 1942 ut
328 1878 449 1942 eximiis
470 1879 643 1943 verborum
658 1878 939 1959 compositionibus
958 1898 1077 1959 magna
1099 1899 1138 1943 ex
1159 1883 1251 1961 parte

105 1978 227 2058 expleret
252 1978 396 2042 animum
425 1978 475 2041 vel
503 1977 666 2059 ingenium
687 1997 762 2040 vere
788 1978 966 2059 poeticum,
997 1979 1152 2043 Alcaeum
1175 1999 1251 2043 vero
1284 1972 1288 1984 '

105 2076 358 2160 Sapphonemque
381 2077 510 2141 consilio
529 2098 567 2142 ac
584 2078 749 2142 voluntate
768 2077 951 2159 postpositis
970 2078 1088 2142 talibus
1111 2079 1252 2144 artificiis

104 2175 215 2256 ingenio
236 2178 294 2242 soli
315 2179 562 2258 obtemperasse.
602 2178 700 2242 Cuius
718 2178 764 2242 rei
784 2193 891 2242 nonne
913 2179 1070 2261 optimum
1089 2183 1137 2243 est
1156 2201 1251 2262 argu·

105 2281 242 2357 mentum,
265 2279 353 2361 quod
371 2298 465 2342 voces
485 2277 636 2358 singulari
657 2283 725 2342 arte
747 2279 942 2360 compositae
957 2279 1090 2344 Horatio
1111 2281 1251 2344 maxime

105 2379 167 2439 sunt
180 2378 335 2459 propriae,
351 2379 510 2460 Lesbiacis
524 2379 589 2442 fere
603 2379 705 2444 nihil?
736 2380 807 2443 Huc
819 2380 951 2458 accedit,
968 2380 1055 2461 quod
1071 2399 1203 2446 caesura
1218 2381 1251 2445 in

105 2479 256 2553 poetarum
272 2478 468 2542 Graecorum
490 2479 685 2559 fragmentis,
709 2479 840 2544 eumad
862 2480 1029 2544 arbitrium
1048 2481 1088 2545 sit
1102 2485 1250 2559 tractata,

105 2592 159 2637 non
173 2577 279 2640 haeret
296 2577 410 2640 eodem
425 2578 503 2655 locu,
526 2578 571 2642 ita
585 2583 621 2642 ut
635 2579 693 2642 toti
709 2579 845 2642 canendi
867 2578 983 2642 rationi
998 2580 1114 2644 mobile
1130 2580 1251 2662 aliquid

105 2672 167 2738 insit
193 2696 229 2739 ac
256 2678 366 2742 fluens.
417 2677 522 2755 Quam
552 2678 593 2741 oh
622 2697 691 2741 rem
721 2679 788 2742 sine
819 2678 915 2764 dubio
944 2679 1050 2743 varias
1079 2681 1251 2744 verborum

107 2777 332 2856 compositiones
354 2778 486 2842 Flaccus
513 2779 577 2841 suis
598 2779 665 2860 ipse
686 2779 808 2859 legibus
838 2799 914 2842 usus
935 2778 1025 2842 finxit
1052 2780 1251 2863 excoluitque

107 2874 181 2938 nulla
202 2882 351 2960 exparte
374 2877 529 2941 obnoxius
550 2878 689 2942 libertati
710 2883 879 2959 poetarum
900 2879 1134 2944 Lesbiacorum.

179 2993 383 3070 Quaestiones
398 3015 473 3058 vero
499 2995 561 3058 hae
582 3015 647 3058 non
665 2995 795 3077 plenam
813 2996 872 3060 sibi
892 2998 1056 3077 postulant
1079 2999 1251 3063 auctorita·

106 3093 161 3154 tem
180 3093 352 3176 fidemque,
383 3096 471 3176 quod
498 3096 642 3159 omnium
666 3097 861 3174 carminum,
892 3117 975 3178 quae
1003 3098 1044 3161 ab
1072 3094 1122 3161 his
1150 3100 1251 3180 poetis

108 3194 170 3254 sunt
183 3195 315 3272 condita,
338 3215 501 3276 perpauca
516 3200 590 3259 sunt
604 3200 731 3260 servata
742 3194 776 3277 2),
799 3197 843 3261 ita
859 3202 894 3261 ut
909 3199 1012 3279 qualis
1032 3199 1126 3262 fuerit
1140 3219 1251 3265 eorum

108 3292 311 3358 raticinlibris
320 3295 461 3376 perditis,
473 3293 551 3359 num
563 3296 643 3360 forte
655 3316 787 3360 caesura
796 3298 836 3360 sit
846 3318 1023 3379 progressa,
1035 3319 1114 3363 num
1125 3300 1252 3381 saepius

84 3441 86 3450 ,
108 3388 159 3453 sint
179 3393 336 3459 adhibitae
359 3396 603 3477 compositiones
624 3396 795 3460 verborum
818 3417 860 3461 an
881 3398 1002 3476 minus,
1034 3418 1128 3480 aegre
1149 3400 1251 3481 suspi-

109 3489 164 3551 cari
178 3493 292 3562 nedum
310 3495 472 3576 perlucide
488 3513 678 3575 cognoscere
695 3496 861 3577 possimus.
898 3496 992 3574 Quod
1007 3499 1033 3562 si
1050 3500 1118 3563 fieri
1135 3505 1250 3582 posset,

108 3586 178 3652 bene
203 3612 234 3656 se
253 3594 395 3658 haberet.
439 3594 668 3659 Verumtamen
696 3615 734 3659 ex
755 3598 867 3678 paucis
888 3598 1027 3680 reliquiis
1055 3620 1120 3663 non
1149 3602 1251 3665 solum
1306 3651 1311 3666 .

109 3695 259 3768 poetarum
281 3715 357 3758 usus
374 3695 510 3759 canendi
531 3715 650 3776 magna
672 3681 823 3779 exparte
845 3699 1054 3780 cognoscitur,
1077 3700 1133 3762 sed
1155 3701 1252 3764 etiarn

111 3787 278 3874 differentia,
295 3815 379 3876 quae
393 3795 433 3860 sit
447 3795 528 3859 inter
543 3796 611 3859 illos
626 3796 868 3877 Horatiumque.
903 3797 1009 3875 Quid?
1027 3799 1113 3880 quod
1127 3799 1250 3868 illorum

110 3887 269 3970 fragmenta
284 3894 407 3958 silentio
418 3896 591 3976 praeterire
605 3896 692 3960 nullo
706 3896 803 3960 modo
814 3895 909 3978 licuit,
925 3918 1000 3961 cum
1014 3899 1047 3962 in
1057 3899 1252 3965 Graecorum

109 3985 204 4054 litteris
224 3997 349 4074 praeter
366 3995 475 4058 Alcaei
496 3995 709 4077 Sapphusque
730 3997 910 4077 fragmenta
931 4018 1091 4079 nusquam
1109 4002 1251 4081 prolecto

112 4121 285 4135 Ἂ-

168 4186 190 4254 l)
212 4186 284 4242 Poet.
303 4189 354 4259 lyr.
374 4189 469 4244 Graec.
489 4187 544 4254 ΙΙΙ,
564 4189 605 4244 97.

168 4288 192 4357 2)
209 4291 239 4344 cf.
258 4293 325 4347 Atil.
344 4294 489 4347 Fortunat.
509 4293 562 4359 VI,
582 4293 640 4348 295.
