3262 5102
440 1220 604 1298 Quantum
639 1218 796 1300 principia
831 1218 1008 1282 litterarum
1044 1219 1240 1282 Graecarum
1280 1217 1444 1296 novimus,
1480 1218 1522 1280 ab

361 1320 492 1383 Homeri
518 1318 715 1399 temporibus
743 1335 846 1399 paene
875 1318 917 1382 ad
946 1318 1108 1382 saeculum
1137 1321 1262 1381 sextum
1292 1321 1367 1382 ante
1395 1317 1468 1381 Chr.
1491 1336 1521 1380 n.

361 1420 484 1484 nullum
507 1438 637 1482 carmen
659 1419 701 1482 ad
731 1438 848 1482 manus
871 1410 919 1482 est
938 1422 1041 1482 metro
1067 1421 1223 1499 panctum
1246 1421 1302 1480 aut
1322 1414 1523 1499 asclepiadeo

361 1523 418 1584 aut
455 1519 574 1584 alcaico
609 1523 665 1583 aut
703 1519 866 1600 sapphico.
924 1518 990 1582 Nec
1026 1518 1114 1599 prius
1149 1538 1248 1599 quam
1284 1517 1369 1581 exitu
1407 1517 1523 1581 saeculi

360 1619 486 1700 septimi
508 1619 637 1682 fuerunt
656 1618 720 1681 duo
742 1622 865 1698 poetae,
888 1618 942 1699 qui
966 1617 1060 1699 primi
1082 1637 1139 1699 per
1160 1620 1335 1700 systemata
1357 1617 1524 1698 diligenter

361 1721 576 1800 exornateque
607 1719 797 1782 studuerunt
831 1718 881 1781 his
908 1716 1033 1796 metris,
1062 1717 1200 1781 Alcaeus
1230 1721 1261 1782 et
1290 1717 1438 1798 Sapph0,
1469 1717 1524 1799 qui

362 1819 508 1899 quamvis
524 1822 619 1881 antea
633 1837 729 1880 nemo
745 1817 858 1881 eadem
872 1821 976 1882 metra
992 1818 1200 1897 tractavisset,
1224 1821 1382 1899 quantum
1396 1817 1523 1894 scimus

362 1921 465 1981 artem
494 1917 668 1998 perfectam
694 1917 938 1999 absolutamque
963 1919 1170 1982 ostenderunt
1191 1916 1523 1999 tantam,⁴,quantam

361 2017 495 2098 posteris
517 2018 714 2098 temporibus
728 2037 889 2098 nusquam
904 2017 1092 2082 invenimus.
1128 2019 1176 2081 Ac
1190 2019 1273 2081 bene
1293 2038 1343 2082 res
1367 2037 1401 2081 se
1423 2018 1524 2082 habe-

361 2121 425 2196 ret,
456 2117 515 2180 nisi
547 2118 725 2182 carminum
753 2138 828 2199 pars
858 2118 950 2198 longe
979 2117 1121 2182 maxima
1156 2117 1304 2198 perisset3
1343 2117 1376 2179 in
1405 2114 1524 2181 Alcaei

357 2209 557 2298 iragmentis,
582 2238 664 2299 quae
686 2223 760 2281 sunt
774 2218 893 2281 tradita
906 2217 938 2298 ¹),
960 2221 1070 2282 extant
1085 2237 1194 2281 versus
1209 2216 1400 2298 asclepiadei
1420 2218 1524 2281 mino-

362 2338 413 2381 res
437 2321 473 2396 8,
511 2318 769 2401 hendecasyllabi
801 2318 945 2400 sapphici
973 2321 1008 2397 7,
1045 2317 1304 2398 hendecasyllabi
1333 2315 1445 2380 alcaici
1474 2317 1523 2393 23,

361 2418 478 2500 quibus
507 2420 664 2482 accedunt
685 2439 795 2482 versus
824 2419 968 2482 nonnulli
990 2417 1040 2481 vel
1068 2415 1171 2480 mutili
1191 2416 1242 2478 vel
1263 2415 1357 2478 valde
1383 2417 1524 2498 corrupti

362 2522 458 2598 atque
488 2519 599 2582 alcaici
627 2519 722 2600 pauci
752 2523 783 2582 et
813 2517 1030 2600 enneasyllabi
1058 2521 1089 2580 et
1119 2515 1311 2597 decasyllabi
1340 2516 1523 2597 singillatim

360 2617 477 2681 traditi.
521 2618 660 2683 Caesura
686 2619 848 2701 quomodo
876 2638 909 2681 se
936 2618 1065 2695 habeat,
1088 2617 1113 2679 si
1135 2615 1277 2698 quaeriS,
1304 2615 1386 2679 inter
1413 2635 1524 2680 versus

361 2716 576 2798 asclepiadeos
603 2723 674 2781 octo
700 2719 835 2781 incisum
865 2738 931 2781 esse
961 2720 1074 2799 quater
1102 2718 1175 2797 post
1203 2714 1359 2796 syllabam
1388 2718 1522 2793 sextam,

361 2816 443 2878 inter
465 2817 601 2880 alcaicos
622 2818 733 2898 viginti
755 2822 819 2881 tres
839 2818 973 2881 incisum
1000 2835 1067 2879 esse
1096 2815 1200 2878 decies
1221 2814 1318 2878 octies
1340 2819 1413 2896 post
1430 2816 1523 2897 quin-

361 2920 429 2979 tam
451 2916 622 2998 syllabam,
653 2919 823 3000 sapphicos
844 2938 982 2982 omnes
1012 2916 1156 2998 accipere
1178 2935 1344 2979 caesuram
1366 2915 1455 2978 illam
1477 2916 1491 2978 s
1509 2949 1522 2960 ·

361 3018 419 3081 cile
446 3017 583 3095 invenis,
614 3039 712 3100 quam
741 3019 952 3083 Horatianam
982 3018 1032 3081 vel
1059 3020 1202 3080 nostram
1232 3013 1394 3095 appellare
1420 3015 1522 3078 liceat.

361 3117 529 3194 Quomodo
545 3122 652 3182 autem
668 3119 838 3182 verborum
856 3118 1099 3200 compositiones
1114 3135 1147 3179 se
1164 3116 1308 3180 habent?
1344 3114 1434 3179 Raro
1449 3136 1522 3197 pro-

361 3219 443 3281 lecto
466 3219 615 3282 eveniunt
637 3219 725 3299 apud
742 3219 897 3282 Alcaeum
919 3219 1050 3294 formae,
1074 3235 1155 3297 quas
1176 3215 1209 3277 in
1226 3214 1350 3279 Horatii
1373 3216 1522 3280 carmini-

361 3316 421 3380 bus
438 3317 565 3381 crebras
582 3318 830 3382 observavimus.
871 3319 955 3396 Quid
975 3318 1059 3381 hoc?
1080 3319 1207 3380 tantum
1223 3316 1323 3393 abest,
1345 3320 1381 3379 ut
1402 3316 1523 3379 formae

361 3417 563 3481 inveniantur
584 3438 723 3499 paucae,
743 3423 779 3481 ut
800 3419 865 3482 iere
893 3419 1007 3496 nullae.
1052 3417 1122 3498 lpse
1145 3416 1271 3493 videas,
1294 3436 1431 3497 quaeso:
1460 3417 1522 3480 for·

361 3537 434 3581 mac
455 3519 468 3580 l
489 3518 670 3599 exemplum
692 3519 822 3606 omnino
851 3539 916 3582 non
938 3519 1029 3583 adest
1050 3521 1082 3604 et
1102 3517 1224 3580 formae
1244 3517 1270 3578 ll
1293 3517 1356 3580 duo
1377 3517 1523 3599 exempla

362 3622 471 3681 extant
492 3618 525 3680 in
546 3618 689 3681 versibus
710 3619 845 3696 alcaida,
868 3638 969 3684 unum
991 3618 1023 3681 in
1041 3616 1266 3697 asclepiaden,
1288 3615 1369 3680 haec
1391 3622 1481 3683 sunt:

486 3718 535 3780 21.
558 3717 800 3798 Μελάγχρος
823 3717 921 3790 uilloc
940 3719 943 3798 1
963 3713 1084 3792 ἄξιος
1103 3717 1147 3788 είς
1169 3715 1275 3780 πόλιν.

484 3817 533 3880 22.
556 3815 702 3899 Λόφον
722 3840 758 3878 τε
779 3821 875 3880 σείων
895 3817 898 3898 l
917 3817 1096 3897 κάρικον.

453 3918 532 3996 33,2.
555 3917 706 3998 Λάβαν
728 3921 775 3980 τῶ
797 3922 906 4000 ξίφεος
925 3919 928 3999 l
947 3917 1214 4000 χρυσοδέταν
1238 3917 1328 3994 ἔχων.

432 4114 457 4174 Ι)
477 4113 551 4166 Poet.
571 4113 650 4182 lyrici
670 4112 774 4182 Graeci,
801 4129 852 4166 rec.
873 4112 964 4181 Hergk
983 4109 1031 4174 Ill,
1049 4129 1092 4179 pg.
1117 4112 1164 4164 147
1187 4128 1244 4178 sqq.
1274 4109 1370 4163 Alcaei
1399 4109 1521 4165 Lesbiaci

362 4199 531 4266 fragmenta,
559 4200 620 4253 coll.
648 4199 784 4253 Matthiae
816 4199 875 4268 Lpe.
899 4199 972 4254 1827.
994 4228 1020 4237 -
1042 4197 1169 4252 Welclrer
1192 4196 1220 4249 in
1246 4196 1324 4250 Iahn.
1349 4199 1443 4252 annal.
1463 4197 1521 4260 Xll,

364 4285 436 4338 18³0.
474 4285 506 4338 ln
525 4285 700 4356 designandis
718 4285 841 4340 versibus
857 4303 956 4354 sequor
975 4284 1131 4354 Bergkiurn.
