3262 5102
593 639 696 704 'Nulla
718 637 766 701 vis
788 637 939 701 flammae
957 635 961 716 t
981 635 1137 699 tumidive
1158 636 1243 699 venti

603 739 698 802 tanta
718 757 776 801 nec
800 736 859 800 tali
880 735 884 815 Ι
903 735 1075 799 metuenda
1097 735 1174 799 torti

602 840 724 917 quanta
745 856 818 899 cum
841 835 955 898 coniux
974 834 978 915 t
997 835 1128 899 viduata
1149 835 1255 899 taedis

800 935 892 1000 ardet
912 938 945 999 et
964 935 1047 1011 odit;

354 1038 385 1098 et
407 1035 444 1100 cf.
467 1034 546 1099 Oed.
571 1035 647 1099 132:
805 1032 917 1098 iuuere
939 1032 1044 1099 funus.

435 1151 524 1216 Haec
544 1151 584 1216 de
602 1151 882 1233 compositionibus
901 1150 1081 1214 verborum.
1108 1150 1151 1216 ¹Si
1165 1168 1241 1214 vero
1262 1169 1356 1214 usum
1376 1151 1510 1214 canendi

353 1251 463 1315 sedulo
492 1252 709 1333 ponderamus
738 1255 770 1315 et
792 1247 931 1314 Senecae
959 1254 991 1314 et
1011 1250 1150 1328 Horatii,
1180 1254 1265 1315 recte
1286 1251 1442 1314 Senecam
1469 1251 1510 1314 ab
1620 1303 1621 1308 ,

354 1350 486 1414 Horatio
507 1351 675 1416 descivisse
693 1354 802 1414 monet
816 1350 880 1413 Leo
900 1347 939 1430 (l,
960 1348 1041 1430 lla),
1062 1368 1135 1412 cum
1154 1349 1254 1414 dicat:
1274 1347 1509 1413 ‘versiculorum

352 1451 518 1515 fluentium
537 1450 604 1513 sine
623 1449 748 1513 vinculo
763 1469 801 1514 ac
819 1448 1027 1513 dilabentium
1044 1448 1223 1530 congeriem
1244 1449 1510 1531 stropharum

260 1622 264 1628 ⁸
355 1552 423 1633 lege
444 1571 510 1615 non
527 1550 717 1615 coercuerit'.
757 1550 823 1614 Nec
844 1549 1013 1614 commodo
1034 1549 1154 1614 iactum
1171 1570 1238 1614 esse
1257 1550 1318 1615 hoc
1340 1554 1419 1632 puto
1441 1571 1510 1614 ver·

355 1650 457 1728 sibus,
488 1649 632 1732 quisine
655 1648 752 1713 dubio
781 1649 901 1731 aliquid
922 1648 1165 1730 pulchritudinis
1191 1649 1382 1714 amitterent.
1424 1651 1510 1715 idem
1620 1715 1622 1724 ,

356 1754 522 1814 senserunt
540 1752 664 1830 poetae,
687 1749 741 1830 qui
762 1749 874 1831 paucis
891 1749 1024 1813 saeculis
1044 1751 1117 1830 post
1135 1748 1418 1832 hendecasyllabos
1439 1771 1524 1832 sap·

355 1849 467 1931 phicos
488 1849 625 1912 scribere
647 1852 831 1930 coeperunt,
854 1867 927 1912 cum
949 1848 1088 1912 Senecae
1107 1848 1264 1913 rationem
1285 1849 1344 1912 sibi
1366 1849 1512 1938 iqiucun-

357 1949 432 2013 dam
454 1948 751 2031 praetermitterent,
775 1948 818 2011 ad
834 1947 994 2024 Flaccum,
1018 1947 1175 2029 optimum
1196 1948 1364 2030 lyricorum
1384 1948 1511 2012 Lesbia·

358 2067 466 2112 corum
482 2047 696 2129 interpretem,
712 2047 860 2111 redirent.
898 2046 1017 2110 Contra
1031 2046 1064 2110 in
1078 2047 1270 2128 usurpandis
1283 2047 1511 2112 vocabulorum
1621 2049 1622 2070 *

325 2159 328 2166 ’
358 2145 638 2229 compositionibus
664 2165 801 2228 parvum
823 2145 973 2209 interesse
1001 2145 1081 2208 inter
1110 2149 1281 2226 utrumque
1309 2146 1386 2210 satis
1413 2151 1511 2229 patet,

358 2263 555 2325 quamquam
571 2246 759 2327 plerumque
775 2246 950 2309 formarum
967 2245 1169 2308 multitudine
1186 2246 1310 2309 Annaei
1327 2248 1512 2328 tragoediae

357 2345 552 2425 praecellunt
580 2366 658 2427 prae
686 2345 790 2410 Flacci
817 2344 1018 2408 carminibus
1067 2344 1268 2426 Quapropter
1295 2344 1328 2408 in
1345 2347 1512 2411 'vocabula

359 2443 533 2508 collocandi
554 2446 677 2510 ratione
705 2465 835 2528 prorsus
857 2445 1016 2508 subiectus
1039 2444 1097 2508 fuit
1118 2444 1250 2508 Horatio
1272 2444 1409 2524 Seneca,
1439 2467 1512 2528 pro·

358 2543 492 2626 piusque
514 2544 556 2608 ad
577 2565 651 2609 eum
671 2547 781 2629 utique
802 2545 924 2608 accedit
945 2563 1043 2626 quam
1063 2544 1196 2625 posteri,
1220 2544 1290 2626 qui,
1313 2563 1510 2626 quamquam
1620 2623 1621 2634 ἶ

359 2641 502 2706 carmina
534 2663 592 2726 per
622 2645 771 2726 strophas
800 2643 952 2726 disposita
980 2643 1103 2723 integra
1134 2647 1337 2725 receperunt,
1372 2643 1511 2726 alioquin
1620 2635 1621 2682 t

359 2761 461 2824 aeque
480 2743 562 2807 bene
587 2747 725 2825 apteque
747 2748 843 2826 atque
866 2743 1017 2808 Horatius
1038 2747 1069 2806 et
1092 2743 1213 2807 Seneca
1233 2743 1331 2807 verba
1355 2743 1511 2808 adornare

358 2860 423 2905 non
444 2843 628 2906 calluerunt.

848 2935 983 3006 Statius
996 2940 1027 3022 ¹).

442 3038 589 3119 Grossett
612 3038 766 3104 disserens
788 3038 827 3102 de
838 3038 999 3103 ‘accurata
1017 3058 1165 3102 versuum
1187 3039 1423 3106 fundendorum
1445 3043 1513 3107 dili·

361 3136 476 3218 gentia’
497 3138 604 3214 Statii,
635 3137 678 3201 sic
700 3157 768 3200 rem
789 3137 971 3219 perstringit
990 3158 1042 3219 pg.
1066 3139 1121 3202 38:
1151 3137 1264 3221 ‘neque
1285 3159 1396 3204 versus
1426 3143 1512 3225 lyrici

360 3238 392 3301 in
419 3237 504 3300 silvis
532 3257 569 3301 ea
591 3237 697 3317 legum
723 3237 903 3313 severitate,
933 3257 998 3318 qua
1020 3237 1171 3301 Horatius
1199 3258 1276 3302 usus
1299 3243 1362 3316 est,
1390 3241 1424 3305 in
1447 3261 1514 3306 car-

360 3337 499 3400 minibus
526 3337 590 3400 suis
613 3356 678 3400 non
707 3336 926 3401 continentur’.
973 3337 1021 3401 Ac
1048 3340 1133 3400 recte
1161 3337 1290 3418 quidem
1317 3359 1515 3422 quamquam

361 3455 527 3499 caesuram
548 3436 669 3528 maiore
688 3437 831 3519 quadam
853 3437 1020 3501 severitate
1037 3437 1156 3501 Statius
1178 3437 1359 3502 observavit
1372 3438 1515 3515 Horatio,

361 3555 437 3600 nam
457 3554 566 3598 versus
584 3554 649 3598 non
672 3535 771 3612 adest,
794 3535 871 3616 quin
893 3539 965 3617 post
987 3535 1132 3617 quintam
1153 3536 1308 3617 syllabam
1330 3536 1370 3600 sit
1391 3536 1515 3600 incisus.

363 3635 405 3708 Ut
419 3653 495 3698 vero
509 3634 629 3698 Seneca
651 3634 773 3716 primus
793 3633 1067 3717 hendecasyllabis
1085 3633 1247 3716 sapphicis
1269 3638 1390 3698 certam
1405 3635 1517 3700 fixam-

363 3754 425 3816 que
444 3751 610 3798 caesuram
632 3733 784 3811 attribuit,
807 3733 851 3796 ita
868 3733 1141 3816 hendecasyllabis
1163 3733 1289 3798 alcaicis
1309 3734 1432 3816 primus
1447 3735 1517 3798 Sta-

362 3832 433 3897 tius.
472 3832 544 3910 Qua
560 3852 595 3898 re
615 3837 724 3898 carent
738 3851 848 3902 versus
862 3833 1015 3897 varietate
1031 3833 1267 3914 adsumuntque
1284 3834 1384 3896 severi
1400 3832 1519 3914 aliquid
1618 3915 1619 3918 Ἴ

433 4027 458 4092 ι)
478 4025 555 4080 auu.
575 4027 641 4095 rap.
660 4026 776 4092 sarus,
799 4043 907 4097 recogn.
926 4028 957 4083 o.
979 4026 1094 4095 queen
1130 4025 1190 4095 upa.
1212 4026 1286 4080 rasa.
1308 4055 1339 4065 -
1361 4025 1390 4081 r.
1407 4025 1516 4097 Papinii
1618 3981 1619 3990 Ν

363 4110 446 4165 Statii
469 4110 556 4165 silvae
580 4127 632 4167 rec.
657 4113 688 4166 E.
710 4113 875 4168 Btthrens.
911 4112 972 4183 Lps.
998 4102 1072 4168 1876.
1097 4141 1131 4150 -
1157 4110 1337 4180 Zingerle,
1362 4112 1399 4166 Zu
1422 4118 1519 4182 sptter.

363 4197 412 4251 lat.
431 4195 571 4251 Dichtern.
606 4198 708 4267 1„aa-
719 4199 761 4254 26.

433 4279 461 4351 2)
479 4279 702 4340 Observationum
722 4281 751 4338 in
772 4282 855 4339 Statii
872 4283 955 4339 silvas
974 4280 1119 4352 specimen.
1157 4280 1243 4336 Berol.
1263 4280 1337 4337 1861.
1431 4362 1434 4368 1
