3262 5102
524 468 697 550 ,35

97 649 262 714 Habemus
278 651 378 731 'igitur
400 650 542 732 quinque
565 649 700 725 formas,
722 669 804 732 quae
826 649 858 712 in
878 668 942 714 uno
962 648 1138 733 eodemque
1162 669 1254 716 versu

96 756 306 832 usurpantur,
339 768 540 832 quarumque
569 750 737 832 participes
765 753 840 813 sunt
867 767 979 813 omnes
1007 768 1117 813 versus
1149 750 1255 815 adhuc

97 851 234 916 tractati.
286 848 407 927 Quodsi
437 867 597 912 summam
629 848 776 925 iacimus,
808 847 914 912 evadit
947 847 1029 912 ratio
1061 850 1180 924 izi-”ta
1211 849 1255 914 ita

96 955 128 1015 ut
149 952 215 1016 fere
237 950 348 1014 tertius
368 949 501 1031 quisque
529 967 636 1012 versus
653 966 718 1012 una
740 947 789 1012 vel
817 947 916 1012 altera
938 947 1052 1012 harum
1076 949 1255 1031 compositi·
1368 963 1371 970 ⁴

95 1070 191 1115 onum
215 1050 387 1114 instructus
408 1047 458 1112 sit.

175 1181 238 1245 Sed
268 1180 328 1244 hoc
357 1179 426 1243 loco
455 1179 563 1261 paucis
592 1179 696 1244 verbis
725 1197 882 1262 exponere
915 1199 980 1244 nou
1011 1181 1150 1262 ineptum
1180 1180 1256 1244 mihi

96 1302 159 1346 csse
185 1282 325 1356 videtur,
355 1298 449 1363 quern
479 1279 624 1344 ordinem
654 1279 828 1344 servaverit
852 1279 998 1356 Flaccus,
1030 1281 1153 1363 quoties
1180 1281 1256 1344 sub·

95 1381 230 1445 stantivo
252 1379 359 1461 aliquo
377 1379 558 1461 appositum
580 1379 621 1443 sit
640 1379 840 1444 adiectivum.
878 1378 981 1457 Quam
1004 1380 1044 1452 ad
1067 1398 1132 1444 rem
1157 1400 1256 1462 purae

96 1480 214 1544 formae
235 1478 246 1542 i
269 1479 414 1561 exempta
444 1479 615 1561 inspexisse
636 1480 712 1544 satis
738 1480 812 1544 erit:
846 1481 1062 1563 exemplorum
1085 1467 1177 1560 igitur
1196 1481 1257 1543 964

96 1580 222 1644 fortuito
251 1580 494 1662 adsumpturum
525 1580 556 1644 in
578 1580 638 1644 205
666 1581 872 1658 adiectivum,
900 1581 930 1643 in
954 1580 994 1643 59
1022 1580 1254 1644 substantivum

96 1680 321 1763 praegreditur,
342 1698 407 1764 quo
430 1680 465 1744 fit
488 1681 569 1745 ratio
592 1681 680 1756 7:t;
703 1685 801 1763 atque
823 1680 954 1745 omnino
974 1680 1115 1744 similiter
1136 1680 1167 1742 in
1186 1699 1255 1743 car·

97 1783 230 1847 minibus
248 1801 315 1845 rem
333 1799 366 1845 se
385 1781 503 1846 habere
530 1781 689 1846 confidere
706 1781 786 1845 iicet.
823 1780 885 1845 Sed
903 1781 943 1846 ad
963 1801 1027 1846 rem
1048 1771 1266 1847 revertamur.¹

173 1905 483 1972 Disserendum'iam
506 1906 598 1970 nobis
620 1910 667 1971 est
687 1907 725 1970 de
747 1907 889 1989 quinque
911 1907 967 1971 illis
991 1908 1113 1988 formis,
1143 1912 1255 1992 quate,-

96 2025 151 2069 nus
169 2003 297 2088 quidem
315 2023 380 2069 non
397 2005 428 2068 in
443 2003 573 2086 singulis
588 2004 729 2069 versibus
740 2009 936 2084 coercentur,
957 2007 1013 2070 sed
1029 2007 1121 2072 iatius
1143 2012 1255 2090 paten-

96 2109 138 2168 tes
159 2106 201 2169 ad
220 2105 312 2169 binos
330 2104 390 2182 vel,
412 2105 498 2187 quod
512 2105 612 2168 rarius
635 2103 756 2181 accidit,
778 2103 820 2170 ad
838 2104 945 2186 piures
959 2125 1067 2170 versus
1090 2108 1255 2189 pertinent.

96 2204 265 2286 significari
293 2221 369 2268 vero
394 2221 448 2268 eas
470 2223 567 2286 supra
589 2203 669 2287 siglo
691 2205 721 2270 X
743 2204 924 2270 memineris
948 2224 1075 2287 quaeso.
1123 2205 1257 2270 Formae

97 2309 166 2368 sunt
188 2303 310 2383 variae,
332 2304 423 2383 cuius
443 2303 487 2368 rei
508 2304 677 2384 imaginem
701 2305 877 2386 praebeant
898 2303 978 2370 haec
1000 2305 1209 2383 lineamenta;

519 2529 654 2592 rma
674 2528 677 2608 t
698 2530 836 2592 3--4

517 2710 536 2770 5
606 2708 835 2788 uirus
895 2728 898 2738 ·

98 2932 147 2996 ubi
171 2932 360 2997 vocabulum
383 2934 506 2996 numeri
532 2934 544 2996 1
570 2933 718 3016 coniungi
741 2937 844 3016 potest
867 2955 938 2999 cum
955 2936 984 3000 5.
1006 2937 1036 3000 6.
1060 2938 1088 3001 7.
1111 2938 1155 3015 8.,
1182 2959 1253 3004 cum

96 3031 202 3096 iisdem
224 3031 318 3098 teto.
360 3032 447 3111 Quas
469 3033 549 3097 intcr
572 3034 808 3098 coniunctiones
827 3033 977 3100 Horatius
997 3037 1171 3102 maximum
1188 3043 1255 3103 stu·

96 3131 180 3195 dium
203 3133 334 3200 contulit
354 3133 385 3196 in
402 3133 496 3198 hasce
519 3133 547 3197 3.
571 3131 632 3196 5et
654 3132 685 3196 4.
707 3134 742 3208 u;
766 3134 930 3200 deformis
953 3136 980 3199 1.
1003 3139 1071 3202 5et
1091 3137 1120 3201 t.
1141 3140 1160 3202 8
1181 3157 1252 3202 cum

96 3233 189 3294 antea
203 3234 310 3296 actum
325 3231 373 3308 sit,
391 3250 448 3296 eae
464 3231 515 3295 hic
530 3231 728 3296 omittuntur.
766 3233 974 3316 Reliquarum
992 3239 1098 3300 autern
1115 3240 1255 3317 quantus

96 3330 132 3392 sit
151 3347 300 3395 numerus
322 3350 469 3414 quaeque
489 3330 571 3394 ratio
593 3331 618 3394 si
639 3331 839 3413 quaerimus,
859 3332 920 3398 hoc
943 3339 1125 3416 comparet:

389 3446 421 3510 in
443 3446 645 3529 asclepiadcis
665 3446 794 3512 41:241
819 3477 860 3502 =
887 3451 953 3516 1:6

390 3545 423 3608 in
445 3545 604 3628 sapphicis
668 3546 803 3612 91:410
824 3575 864 3601 =
892 3549 998 3620 1:4¹tc

390 3645 423 3708 in
443 3642 566 3710 alcaicis
669 3645 799 3710 89:317
825 3677 865 3701 =
894 3648 999 3721 1:3¹ts

178 3769 220 3832 Ex
241 3769 333 3851 copia
354 3769 470 3833 horum
498 3770 717 3850 exemplorum
745 3771 869 3852 singula
891 3770 1089 3846 adscribam,
1120 3789 1160 3833 nc
1188 3790 1252 3851 qua

99 3865 248 3932 dubitatio
272 3867 409 3950 supersit
426 3868 466 3931 dc
487 3868 613 3932 illorum
628 3888 835 3935 numerorum
859 3873 905 3948 vi';
928 3873 1036 3954 itaque
1057 3870 1166 3933 formis
1191 3871 1216 3933 1.
1233 3871 1253 3933 5
1367 3888 1372 3896 ·

99 3969 127 4028 ct
147 3966 176 4028 4.
192 3967 210 4030 8
231 3967 414 4051 postpositis
435 3968 516 4031 haec
535 3971 646 4031 sunto:

71 4083 436 4194 sp6=stdtb

309 4201 492 4283 Aequam
513 4206 674 4265 memento
694 4200 697 4282 t
717 4202 812 4264 rubus
834 4201 866 4263 in
889 4201 996 4268 arduis

311 4300 446 4364 Servare
466 4303 658 4380 mentem,
679 4303 683 4382 t
702 4320 766 4363 non
789 4318 879 4363 secus
899 4299 932 4362 in
954 4302 1047 4378 honis

1087 4421 1116 4471 a·
