3262 5102
704 523 742 586 73

223 704 387 770 Accedunt
417 704 592 768 formarum
615 704 644 767 X
675 703 887 785 similiumque
914 703 1059 785 exempla
1087 722 1169 788 quae
1195 707 1302 768 insunt

138 804 238 870 haec:
281 835 285 851 =

640 1040 750 1156 tloturae
765 987 903 1094 leormae
919 1018 1057 1100 Y'lormae
1074 1051 1097 1100 A

348 1207 490 1263 Ennodius
510 1188 644 1278 (sapphpl
709 1211 727 1263 0
794 1193 798 1312 l

870 1212 881 1263 1
929 1169 1097 1257 Ιξ

375 1341 515 1398 Ennomus
533 1342 606 1412 (au.)
708 1346 724 1398 a
800 1309 1097 1386 'T‘T‘

647 1442 1099 1454 ——-—-—--——..—.

351 1478 637 1534 Venantllortunatus
711 1482 726 1531 2

418 1611 568 1681 Gregorius

651 1711 944 1721 ——--—.—..——-.

323 1710 570 1820 -T-E-lugippius
712 1751 728 1802 2
793 1771 798 1844 Ι
870 1751 883 1802 1
949 1714 1099 1842 {ss

146 1921 285 1987 Caesura
307 1920 453 1984 nimirum
482 1919 598 2001 ubique
619 1918 659 1982 ad
686 1936 828 1980 severam
859 1917 952 1980 buius
974 1921 1087 1983 aetatis
1116 1922 1218 2001 legem
1238 1942 1303 1985 ser·

145 2025 220 2084 vala
242 2003 305 2094 c'st;
327 2023 465 2082 ceterum
480 2017 644 2081 Ennodius
667 2035 732 2078 non
755 2017 863 2097 utique
885 2015 916 2079 in
939 2017 1071 2098 stropha
1094 2038 1303 2103 unaquaque

147 2123 338 2184 structuram
385 2117 627 2198 grammaticam
678 2115 812 2182 absolvit
861 2115 1009 2198 idemque
1053 2119 1149 2182 semel
1198 2121 1303 2183 obser·

146 2223 240 2283 vatur
261 2217 356 2281 ctiam
383 2218 470 2297 apud
492 2216 679 2293 Gregorium
702 2213 828 2295 (11.4),
858 2219 967 2278 contra
991 2215 1165 2281 Venantius
1188 2217 1303 2302 Eugip-

147 2317 280 2399 piusque
297 2335 416 2396 magna
437 2315 602 2378 severitate
621 2313 761 2392 singulas
781 2313 930 2395 strophas
947 2320 1159 2379 secreverunt.
1200 2317 1304 2382 Semel

146 2421 269 2480 tantum
293 2411 443 2480 adoniuni
468 2433 534 2477 una
555 2403 639 2477 vocc'
654 2418 852 2477 constantem
877 2413 1037 2491 videmus,
1065 2415 1193 2494 Gregor.
1215 2416 1254 2489 ll.
1274 2419 1303 2482 4.

145 2516 246 2580 Porro
266 2516 298 2579 in
316 2515 448 2578 Ennodii
469 2513 740 2601 hendecasyllabis
762 2512 886 2576 alcaicis
910 2515 939 2575 in
963 2514 1067 2594 priore
1089 2513 1196 2596 hymni
1218 2521 1306 2597 parte

146 2615 400 2679 allitterationem
430 2615 512 2677 sensi
541 2613 674 2677 libenter
695 2633 762 2677 esse
787 2613 963 2677 adhibitam
996 2614 1046 2694 (cl.
1069 2635 1097 2677 v.
1122 2616 1150 2678 a.
1170 2613 1201 2678 3.
1224 2617 1252 2680 6.
1274 2615 1305 2681 8.

147 2717 197 2778 11.
222 2716 267 2778 la.
293 2713 338 2776 15.
362 2714 406 2777 16.
431 2715 500 2791 lt).
543 2715 586 2776 Al
616 2714 790 2778 rhetoricae
819 2713 956 2794 figurae,
985 2733 1068 2795 qnae
1094 2715 1305 2796 appellantur,

145 2816 321 2897 anaphora,
340 2814 503 2896 sulphura,
524 2812 682 2876 chiasmus
701 2814 731 2877 in
750 2812 1020 2894 hendecasyllabis
1037 2814 1160 2878 alcaicis
1177 2823 1305 2896 praeter

149 2917 163 2978 1
187 2919 218 2979 et
240 2915 293 2994 94,
315 2914 368 2995 qui
388 2913 430 2977 ad
452 2913 651 2994 anaphoram
674 2913 805 2977 fortasse
827 2913 933 2976 referri
956 2918 1104 2993 possunt:

334 3015 359 3076 l.
383 3032 488 3094 quae
775 3013 890 3095 {quis

310 3113 662 3176 hd.lux—-———-
771 3113 883 3192 lluce

146 3216 177 3276 et
199 3214 232 3276 in
249 3214 408 3296 sapphicis
425 3215 558 3277 Ennodii
583 3218 613 3276 et
636 3215 667 3276 in
685 3213 828 3276 Venanlii
852 3213 970 3295 hymno
988 3234 1116 3296 prorsus
1139 3215 1304 3296 despectae

147 3314 258 3378 iacent.
302 3313 338 3376 Et
361 3314 440 3377 haec
468 3313 664 3395 potissimum
689 3313 791 3394 inopia
821 3317 851 3376 et
879 3313 1054 3376 formarum
1076 3317 1107 3376 et
1133 3311 1304 3394 figurarum

149 3412 242 3476 huius
263 3413 332 3476 aevi
355 3431 432 3498 sane
453 3413 582 3495 propria
605 3417 661 3475 est.

228 3530 376 3596 Similiter
399 3551 449 3594 res
470 3551 504 3596 se
524 3530 622 3595 habet
639 3531 672 3593 in
689 3529 830 3610 Gregorii
854 3531 990 3610 hymnis,
1012 3529 1065 3593 ubi
1088 3528 1182 3593 unius
1198 3547 1305 3592 versus

148 3627 222 3705 11,ss
243 3631 323 3695 ordo
345 3630 574 3694 vocabulorum
599 3628 746 3694 notabilis
766 3648 835 3693 esse
857 3628 999 3693 videtur:
1153 3618 1154 3621 ¹

373 3729 508 3794 Pellat
531 3733 714 3811 luapaorem
730 3730 736 3808 1
755 3728 918 3792 tribuat
938 3727 1072 3792 sulutem

147 3831 179 3892 et
200 3829 232 3892 in
252 3828 395 3911 Eugippii
416 3829 572 3907 carmine,
594 3828 682 3894 cuius
702 3847 827 3892 versum
851 3827 887 3890 21
912 3825 1134 3908 contempleris
1156 3826 1259 3890 hunc:

369 3923 510 4010 Magne
534 3929 694 4011 confessor
713 3932 718 4010 l
736 3927 909 3992 humilis
931 3928 1081 4008 mapistcr

148 4029 184 4092 cl.
207 4049 236 4092 v.
258 4031 287 4093 5.
310 4031 339 4093 9.
361 4030 483 4094 ll-la
505 4029 648 4100 (veniens
669 4063 709 4074 —
731 4032 901 4092 mutus-
923 4029 1058 4103 caecus).

230 4145 372 4228 Denique
395 4146 533 4226 legentes
555 4165 664 4215 versus
687 4145 738 4210 29.
754 4144 810 4208 30:

356 4243 541 4311 condolens
563 4248 735 4310 cunctos
753 4245 759 4324 Ι
777 4243 922 4325 inopes
942 4241 1064 4323 fovebat

355 4345 594 4424 Languidos
616 4359 738 4411 muana
756 4341 937 4424 'relevabat
958 4361 1114 4423 aegros.
