3262 5102
943 470 981 530 m

383 653 523 732 quinque
545 651 717 724 accedunt;
746 649 795 710 vel
816 647 858 723 ΙΙ,
884 648 917 723 1,
940 648 968 710 4.
984 649 1020 709 5;

683 747 867 827 Principum
889 745 1044 809 amicitias
1066 752 1097 810 et
1118 767 1230 812 arma

630 844 780 908 Nondum
802 845 935 925 expiatis
954 845 958 922 1
978 849 1101 908 uncta
1123 846 1295 909 cruoribus

381 949 443 1012 Alii
465 966 575 1010 versus
596 947 657 1008 hoc
679 945 776 1010 modo
798 945 964 1026 compositi
986 945 1109 1008 desunt.

461 1045 614 1109 Concludi
626 1048 733 1107 autem
743 1044 827 1106 hanc
838 1042 1030 1122 singularem
1039 1044 1269 1107 vocabulorum
1281 1044 1532 1108 coniunctionem

380 1163 446 1207 non
467 1144 550 1206 llinis
571 1147 697 1206 tantum
720 1141 863 1206 versibus
884 1141 1097 1221 amplectique
1117 1161 1226 1204 versus
1245 1161 1337 1222 posse
1360 1161 1398 1204 eo
1418 1142 1531 1222 plures

379 1260 443 1322 quo
465 1243 567 1306 maior
590 1243 623 1305 in
644 1242 843 1306 substantivo
866 1242 1102 1323 appositionum
1121 1260 1272 1304 numems
1293 1242 1341 1317 sit,
1365 1242 1430 1304 iam
1454 1262 1531 1305 non-

378 1340 471 1406 nullis
493 1340 644 1421 exemplis
665 1340 909 1403 demonstretur.
951 1339 1168 1402 Adsumamus
1191 1359 1320 1403 carmen
1339 1339 1389 1417 lV,
1412 1341 1448 1416 9,
1468 1340 1530 1418 ubi,

380 1458 453 1503 cum
484 1439 516 1501 in
539 1439 682 1501 versibus
704 1437 743 1500 92
766 1442 797 1500 et
819 1438 861 1499 24
890 1457 983 1500 voces
1004 1439 1206 1520 ‘Deiphobus'
1234 1441 1266 1501 et
1292 1437 1432 1519 ‘primus‘
1454 1437 1531 1501 duos

379 1543 536 1604 extremos
574 1557 683 1602 versus
719 1557 793 1601 cum
830 1539 922 1600 tertio
954 1528 1138 1616 conectam,
1176 1539 1308 1620 stropha
1348 1537 1530 1615 quadratur.

379 1639 499 1702 Similia
521 1638 640 1716 ubique
662 1638 880 1702 observantur.
924 1638 959 1700 ln
980 1638 1029 1714 lV,
1050 1639 1072 1701 4
1092 1657 1154 1700 vox
1179 1635 1306 1701 ‘alitem'
1333 1655 1406 1699 omn
1435 1657 1532 1718 appo

378 1738 557 1814 sitionibuS,
582 1752 665 1815 quae
687 1737 719 1798 in
741 1734 837 1798 initiis
858 1735 1038 1813 finibusque
1062 1740 1117 1799 aut
1139 1736 1235 1800 totius
1255 1756 1365 1800 versus
1385 1742 1442 1801 aut
1459 1757 1532 1820 par·

378 1840 458 1902 tium
489 1838 661 1902 collocatae
691 1839 779 1913 sunt,
814 1855 923 1898 versus
955 1838 1055 1900 1—10
1083 1837 1165 1900 bene
1194 1838 1359 1901 continuat
1385 1836 1532 1917 (qualem

380 1937 559 2001 ministrum
582 1970 622 1978 —
652 1935 791 1998 alitem
815 1969 852 1978 -
874 1934 1002 1998 fidelem
1023 1970 1061 1979 —
1084 1935 1219 1998 inscium
1240 1971 1279 1980 -
1302 1940 1472 2017 paventem
1492 1971 1531 1980 -

377 2035 532 2118 hostem').
575 2036 611 2098 ln
632 2033 681 2111 lV,
706 2033 744 2096 15
765 2033 864 2096 verba
882 2032 950 2096 ‘nos
973 2031 1014 2114 (v.
1038 2032 1090 2114 25)
1112 2067 1151 2076 -
1174 2034 1337 2115 adprecati
1360 2033 1402 2114 (v,
1417 2033 1470 2116 28)
1492 2071 1531 2079 -

378 2136 538 2201 canemus'
553 2134 594 2217 (ν.
612 2132 662 2215 3⁶2)
683 2133 762 2196 duas
784 2133 932 2215 strophas
954 2133 1120 2215 complexa
1134 2137 1267 2213 cogrmt3
1289 2135 1322 2197 in
1336 2134 1371 2210 Il,
1387 2136 1406 2198 3
1421 2135 1532 2199 eodem

378 2253 509 2298 munere
540 2233 681 2314 fungitur
702 2251 764 2295 vox
785 2229 944 2294 ‘mentem'
966 2231 1008 2311 (v.
1027 2229 1097 2312 aa:
1128 2229 1276 2309 ‘aequam
1298 2267 1337 2275 -
1358 2237 1532 2297 mentem

379 2331 616 2416 temperatam'3
640 2331 671 2394 in
693 2330 763 2408 11‚5
784 2327 956 2394 ‘iuvencae'
978 2330 1019 2410 (v.
1035 2327 1082 2410 6):
1103 2327 1187 2393 ‘tuae
1212 2364 1248 2374 —
1270 2331 1470 2395 iuvencae
1492 2367 1532 2376 —

379 2433 509 2498 solantis
540 2467 578 2478 -
607 2429 864 2516 praepedientis,
895 2431 927 2494 in
956 2431 1011 2508 ΠΙ,
1041 2431 1096 2495 Ιθε
1126 2429 1318 2496 Tortuna
1355 2430 1396 2511 (r.
1417 2429 1470 2512 49)
1493 2467 1531 2476 -

379 2531 462 2595 laeta
482 2565 520 2576 -
542 2530 689 2612 pertinax
713 2565 749 2575 -
772 2529 928 2610 benigna’.
972 2529 1010 2592 el.
1032 2529 1074 2606 Π,
1098 2530 1152 2606 14,
1174 2530 1292 2605 8-11;
1324 2531 1377 2606 19,
1401 2529 1531 2608 ἓὸ-ΙῚ,

378 2631 408 2692 ot
429 2627 499 2692 alia.

458 2729 520 2792 Sed
560 2726 746 2810 priusquam
788 2726 924 2791 alcaicos
967 2726 1208 2808 enneasyllabos
1252 2726 1531 2809 decasyllabosque

378 2825 489 2890 missos
516 2825 685 2906 luciolus,
716 2827 834 2890 l'onnas
865 2827 944 2890 duas
975 2827 1089 2890 afferre
1117 2825 1260 2906 expedit,
1295 2842 1376 2903 quas
1400 2825 1532 2890 Flaccus

379 2921 542 3004 diligenter
565 2925 703 3002 ‹mravit;
725 2925 913 2990 umiunotae
936 2929 1123 3006 comparent
1144 2925 1176 2986 in
1197 2923 1223 3001 l,
1250 2925 1295 3000 17,
1319 2925 1416 2988 r-l:

596 3025 696 3090 Mutat
719 3027 822 3110 liyaoo
841 3025 845 3108 l
865 3025 992 3090 l'aunus
1013 3027 1045 3088 ot
1065 3023 1225 3106 igneam

678 3125 822 3192 llolindit
844 3130 1045 3192 aestatem
1068 3127 1196 3210 capellis
1290 3119 1295 3128 “

679 3225 783 3306 Usque
805 3229 879 3294 mula
901 3227 1089 3312 pluviosque
1109 3231 1229 3290 ventos

379 3317 472 3382 Vides
501 3321 689 3389 mlimtivnm
714 3325 873 3408 ‘torrenda
905 3327 991 3408 quod
1020 3327 1115 3390 eflicit
1145 3325 1322 3389 clausulam
1348 3342 1458 3386 versus
1487 3344 1537 3386 se-

379 3416 482 3494 cundi,
506 3437 581 3482 voco
599 3419 756 3488 ‘dettmlit'
773 3425 891 3490 suerat
909 3445 928 3490 a
946 3424 1145 3490 substantivo
1163 3443 1220 3487 suo
1237 3421 1411 3486 ‘aestatem’
1424 3441 1536 3486 versus

379 3512 469 3577 tertii.
511 3515 594 3582 litem
617 3521 728 3586 aalma
747 3521 777 3588 in
799 3523 936 3606 ‘ramilis
952 3523 1046 3588 nrois'.
1063 3559 1102 3568 -
1118 3523 1226 3587 Oritur
1242 3540 1318 3584 vero
1333 3521 1436 3583 lorma
1452 3521 1535 3584 haec

379 3631 416 3676 ox
439 3615 542 3680 stratio
571 3617 631 3684 iam
654 3641 750 3704 supra
775 3623 928 3702 imlirato,
955 3627 987 3689 nt
1011 3625 1075 3689 duo
1096 3623 1211 3698 rerba,
1240 3639 1324 3700 quae
1351 3620 1533 3699 cohaerent,

378 3729 434 3792 por
470 3711 601 3780 alteram
640 3737 745 3786 norom
786 3723 1001 3803 soianpmdur.
1053 3723 1118 3788 Noc.
1157 3723 1307 3804 exiguum
1343 3740 1437 3784 usum
1470 3720 1535 3783 hae

380 3807 498 3874 immae
521 3811 649 3894 lralwnt,
673 3837 743 3884 rum
767 3819 878 3904 prioris
896 3821 1040 3904 ruoiupla
1060 3821 1263 3886 inveniantm·
1281 3820 1329 3896 aa,
1352 3819 1536 3900 posterioris

379 3907 433 3984 dd,
464 3910 547 3974 ululo
569 3915 725 3997 salmoe,
755 3923 783 3984 nt
811 3921 1014 4006 stroplmmm
1044 3923 1098 3986 lira
1126 3921 1174 3984 vel
1202 3939 1301 3984 unam
1324 3919 1373 3982 vel
1399 3919 1535 3982 alteram

378 4011 534 4086 praestent
560 4011 616 4090 la,
639 4013 698 4078 lun·
722 4021 769 4082 est
795 4020 803 4083 t
825 4021 917 4092 eddo.

461 4105 601 4188 llonilpw
619 4117 709 4194 porta
733 4131 960 4198 noimumpmm
984 4115 1221 4200 ilmasyllabum
1241 4117 1342 4182 torma
1360 4119 1387 4180 l·
1407 4117 1535 4197 egregie

379 4208 558 4284 exornavit;
593 4209 747 4296 illepidae,
770 4231 898 4296 «panso,
924 4215 968 4294 ΙΙΙ,
992 4217 1040 4292 sil,
1058 4217 1093 4282 t:

654 4309 799 4384 l'rntnaa
823 4313 884 4382 laia
908 4313 1084 4382 tatanus
1107 4313 1242 4396 capillis.
