3262 5102
911 410 950 472 30

351 595 406 655 aut
428 590 637 664 choriambos
661 589 714 671 qui
732 589 997 672 hendecasyllabo
1019 589 1162 670 obstant;
1183 611 1212 672 p.
1228 592 1286 655 lle
1302 545 1372 657 cum
1391 594 1505 656 iterum

350 691 548 754 choriambos
578 689 706 766 afferat,
742 689 788 751 his
820 690 953 771 pedibus
980 691 1224 771 grammaticum
1258 693 1289 754 in
1321 695 1505 758 scandendo
1606 694 1608 703 '

349 790 546 871 asclepiadeo
565 790 683 871 priores
705 793 810 869 partes
832 789 967 853 tribuere
990 791 1133 854 arbitrari
1153 810 1230 855 sane
1251 791 1330 854 licet.

431 890 520 968 Quae
540 910 611 953 cum
632 890 762 965 basiat,
785 890 932 952 discimus
952 891 1151 968 sententiam,
1174 911 1238 973 qua
1256 889 1391 956 metrum
1407 892 1505 957 ascle-

347 991 495 1071 piadeum
528 991 568 1052 ab
598 990 781 1052 hexametro
810 989 896 1066 (Atii.
926 989 1007 1052 Fort.
1031 989 1079 1068 Vl,
1103 991 1172 1054 eae.
1221 989 1359 1053 Diomed.
1390 992 1412 1068 Ι,
1430 995 1505 1069 508)

348 1091 396 1152 vel
415 1090 456 1153 ab
485 1089 745 1168 hendecasyllabo
762 1087 874 1170 (Diom.
894 1088 914 1165 1,
929 1090 999 1152 519.
1014 1089 1090 1152 Μ91.
1109 1090 1259 1153 Victoria.
1281 1090 1326 1165 Vi,
1348 1091 1414 1155 150.
1434 1093 1503 1174 161)

347 1190 386 1251 sit
415 1189 632 1266 derivandum,
664 1188 766 1250 minus
796 1188 911 1252 valere.
954 1190 1096 1272 Apparet
1125 1192 1231 1253 autem
1260 1191 1338 1254 duas
1366 1192 1505 1256 rationes

347 1307 442 1371 supra
474 1273 735 1352 tractataslsolas
759 1308 825 1351 esse
856 1289 1083 1368 respiciendae,
1113 1309 1247 1372 quarum
1273 1291 1388 1368 altera,
1420 1310 1504 1372 quae

347 1389 480 1469 pertinet
508 1388 548 1450 ad
570 1388 770 1451 choriambos
796 1387 1063 1469 glyconeumque‚
1093 1409 1156 1452 nou
1187 1388 1312 1453 minime
1336 1409 1372 1452 ea
1400 1390 1440 1452 de
1469 1409 1503 1452 re

345 1488 461 1570 adepta
485 1492 531 1551 est
553 1488 789 1566 auctoritatem,
811 1488 912 1568 quod,
946 1507 1021 1551 curn
1049 1494 1149 1552 metro
1172 1488 1370 1569 asclepiadeo
1392 1490 1501 1552 maiori

345 1592 408 1652 tres
432 1586 604 1651 choriambi
636 1587 729 1650 medii
752 1588 905 1668 inessent,
935 1588 1131 1669 asclepiadeo
1152 1589 1265 1652 minori
1296 1589 1374 1664 duo,
1406 1608 1502 1652 causa

348 1688 447 1752 extitit
467 1687 661 1769 inquirendi,
694 1707 769 1751 num
790 1689 918 1769 reperiri
938 1691 1044 1770 posset
1067 1692 1220 1766 metrum,
1250 1689 1299 1752 cui
1319 1691 1397 1752 esset
1418 1708 1502 1751 unus

347 1787 549 1851 choriambus
565 1787 696 1850 medius.
727 1788 838 1874 ltaque
853 1789 1004 1870 glyconeo
1019 1807 1111 1852 versu
1126 1789 1275 1852 arcessito
1290 1789 1502 1869 asclepiadeos

344 1890 385 1952 ab
405 1888 456 1952 illo
482 1892 601 1952 tractos
625 1907 691 1950 esse
717 1888 791 1952 inde
811 1889 988 1953 docuerunt
1002 1887 1034 1969 ¹).
1073 1889 1181 1952 Altera
1206 1906 1281 1950 vero
1301 1888 1389 1964 ratio,
1419 1900 1503 1970 qnae

296 2029 303 2047 .
344 1987 575 2069 asclepiadeum
604 1986 706 2049 redire
728 1986 814 2050 iubet
841 1987 882 2050 ael
906 1990 1157 2069 pentametrum,
1183 1987 1282 2068 magis
1305 1985 1431 2068 propria
1455 1993 1502 2052 est

343 2086 503 2150 doctrinae
520 2090 550 2151 et
567 2085 766 2169 professionis
781 2088 952 2150 metrorum
968 2087 1223 2162 derivandorum,
1242 2087 1315 2167 quia
1331 2087 1372 2150 ad
1386 2087 1503 2168 princi·

342 2187 413 2269 pale
435 2191 587 2264 metrum,
618 2187 678 2250 hoc
697 2189 744 2250 est
766 2187 807 2249 ad
830 2186 1050 2250 hexametrum
1074 2187 1206 2250 heroum
1237 2187 1419 2268 regreditur.
1464 2187 1502 2251 Et

345 2289 423 2352 haec
445 2289 618 2366 consensio,
641 2308 724 2370 quae
747 2292 793 2351 est
809 2288 889 2350 inter
912 2288 1144 2368 asclepiadeum
1171 2290 1202 2351 et
1222 2289 1502 2368 pentametrunr⁹),

340 2391 486 2453 omnibus
515 2389 579 2453 fere
608 2390 819 2470 grammaticis
851 2392 898 2452 est
921 2387 1137 2469 comprobata.
1180 2387 1242 2450 Sed
1272 2390 1306 2449 ut
1334 2387 1363 2448 in
1397 2387 1501 2466 priore

341 2491 464 2554 ratione
494 2491 636 2572 neglecta
661 2490 871 2566 derivatione,
906 2507 989 2570 quae
1027 2492 1117 2551 esta
1149 2485 1319 2568 glycone0‚
1351 2505 1502 2551 mensura

340 2591 550 2656 choriambico
573 2591 712 2655 crebrius
733 2591 849 2653 citatur
872 2575 1011 2666 (Seruius
1036 2587 1084 2665 Vl,
1108 2608 1135 2668 p.
1159 2585 1311 2648 161468
1333 2584 1501 2662 1191191119

340 2691 390 2755 hio
412 2710 562 2755 mensura
576 2690 731 2772 dactylica
750 2688 925 2771 postposita
942 2685 1094 2750 derivatio
1120 2685 1305 2766 pentametri
1327 2685 1499 2765 praevalet.

421 2790 511 2855 Hauc
536 2791 596 2854 lere
619 2791 711 2853 metri
733 2788 917 2870 asclepiadei
940 2785 1109 2867 imaginem
1134 2788 1252 2864 veteres
1274 2783 1317 2847 illi
1339 2803 1500 2866 gramma·
1601 2809 1607 2822 ¹

339 2890 391 2955 tici
419 2890 520 2954 Latini
550 2889 745 2972 praehent⁸l.
797 2888 930 2952 Nostrae
959 2905 1034 2949 vero
1060 2885 1103 2946 rei
1133 2884 1209 2947 baec
1234 2884 1377 2964 quaestio
1406 2883 1500 2946 affert

340 2990 554 3067 commodum,
570 2989 655 3072 quod
675 2989 755 3052 mira
777 3005 927 3050 mensura
949 2983 1154 3066 antispaslica
1178 2983 1292 3046 omissa
1316 2983 1500 3047 incisionem

338 3091 447 3173 utique
476 3094 547 3172 post
576 3093 696 3153 sextam
726 3087 881 3170 syllabam
910 3085 984 3168 poni
1014 3087 1045 3147 91
1075 3083 1160 3165 apud
1186 3082 1326 3163 dactylos
1353 3085 1383 3144 et
1411 3081 1499 3162 apud

337 3191 537 3254 choriambos
555 3190 735 3254 doceamur.
775 3187 881 3266 Quam
898 3185 1073 3248 doctrinam
1092 3183 1123 3245 in
1141 3179 1367 3263 componendis
1385 3178 1500 3242 carmi-

337 3292 430 3356 nibus
447 3290 614 3354 Horatium
638 3289 843 3353 commovisse
862 3289 943 3350 reete
966 3282 1131 3365 explicavit
1149 3282 1187 3344 A.
1204 3279 1366 3359 Kiessling‚
1391 3277 1498 3359 philol.

339 3390 617 3470 untersuchungen
642 3389 676 3465 ΙΙ,
698 3377 727 3470 p.
748 3389 866 3469 63sqq.
904 3386 947 3449 At
970 3385 1080 3448 contra
1097 3381 1207 3444 eodem
1230 3381 1297 3442 iure
1313 3379 1371 3440 dici
1393 3381 1499 3458 potest

337 3492 495 3570 Flaccum,
513 3509 583 3554 cum
599 3488 773 3571 praeceptis
790 3490 931 3550 veterum
949 3481 1229 3564 grammaticorum
1242 3495 1348 3540 severe
1362 3477 1494 3558 diligen-

337 3595 447 3673 terque
463 3593 604 3671 pareret‚
636 3589 738 3670 ipsum
767 3605 894 3669 quoque
922 3583 982 3648 hac
1008 3601 1042 3646 19
1064 3580 1186 3643 illorum
1210 3575 1386 3640 doctrinam
1405 3593 1495 3637 com-

336 3692 484 3773 probasse
503 3694 533 3753 et
554 3689 725 3753 affirmasse
735 3688 770 3766 ⁴).

337 3800 527 3810 ----

336 3878 341 3888 ,
405 3837 429 3903 ll
449 3837 483 3890 ol.
503 3835 607 3891 Aurelii
625 3834 767 3890 Prudentii
787 3831 983 3902 praefationem
1003 3828 1038 3882 ad
1057 3825 1209 3881 carminum
1226 3820 1335 3874 librum.

401 3923 428 3990 2)
448 3923 597 3994 Kiessling‚
616 3921 758 3988 Horatius,
776 3921 852 3976 Oden
870 3938 896 3989 p.
915 3919 961 3972 IX.
997 3915 1029 3969 R.
1049 3911 1209 3982 Weslphal‚
1229 3909 1309 3962 Metr.
1328 3906 1367 3970 H,
1387 3923 1412 3974 p.
1432 3905 1493 3958 763.

402 4010 428 4079 3)
446 4009 489 4064 W.
514 4009 605 4064 Christ
634 4009 653 4062 l.
674 4024 697 4062 c.
725 4027 751 4079 p.
775 4007 876 4061 16-19
906 4008 1053 4072 utramque
1077 4003 1105 4054 et
1135 3995 1276 4052 derivandi
1301 3997 1330 4048 91
1359 3991 1493 4046 metiendi

336 4111 426 4150 versus
445 4094 608 4168 asclepiadei
620 4095 755 4150 rationem
770 4110 826 4150 9999
838 4092 1031 4149 secernendum
1050 4103 1105 4142 non
1124 4085 1190 4140 satis
1207 4080 1350 4152 perspicue
1373 4079 1501 4132 ostendit

336 4197 425 4250 neque
442 4179 590 4250 quidquam
609 4180 754 4250 Westphel
772 4181 791 4246 l,
810 4199 836 4252 p.
857 4175 1042 4234 199-11199
1061 4174 1112 4228 hac
1130 4189 1159 4226 re
1178 4167 1283 4224 attulit.

404 4267 430 4334 4)
450 4265 540 4322 Christ
557 4269 575 4324 l.
595 4285 616 4323 o.
635 4287 660 4339 p.
680 4269 720 4325 18.
740 4265 780 4322 80.
