3262 5102
902 484 923 552 4

330 664 421 732 Talia
457 685 533 731 vero
572 665 733 750 exempla,
771 687 854 749 quae
891 671 1038 749 spectant
1076 665 1119 728 ad
1157 665 1375 749 anaphoram,
1417 667 1491 736 licet

330 786 395 846 non
417 769 527 851 utique
549 772 716 850 tantopere
738 768 801 831 sint
830 769 1001 846 cumulata,
1023 768 1327 850 saepiusleguntur.
1370 771 1442 836 Huc
1464 774 1490 836 si

331 868 462 945 accedit,
485 867 571 950 quod
590 867 667 931 nulli
687 868 738 931 alii
760 867 844 931 intra
862 883 989 930 versum
1009 868 1079 932 loco
1101 871 1197 950 poeta
1219 870 1490 952 interpunctiones

330 968 504 1031 attribuere
524 968 660 1045 mavult,
683 987 781 1049 quam
803 969 1008 1031 caesidardm
1030 966 1112 1044 sedi,
1134 973 1280 1033 constare
1301 971 1381 1034 mihi
1401 973 1490 1036 vide-

329 1071 390 1146 tur,
413 1088 485 1131 earn
506 1068 680 1130 maximam
700 1067 766 1130 vim
783 1067 905 1130 habere¹
920 1067 1055 1130 voluisse
1074 1067 1252 1132 Horatium.
1291 1069 1411 1147 Quodsi
1428 1073 1490 1138 hoc

329 1171 443 1249 poetae
467 1167 631 1230 consilium
653 1172 738 1231 recte
760 1166 980 1248 respiciemus
1008 1167 1147 1246 faciliuS,
1177 1188 1233 1232 cur
1255 1170 1292 1233 iis
1317 1172 1490 1236 verborum

330 1268 625 1349 compositionibus
649 1287 729 1349 quas
752 1268 913 1345 tractabo,
940 1268 1112 1349 praecipue
1135 1269 1327 1334 consuluerit
1347 1271 1489 1352 Flaccus,

329 1368 555 1448 intellegemus
1279 1386 1283 1400 “

410 1493 650 1574 inspicientibus
665 1496 773 1556 autem
787 1492 879 1556 nobis
894 1511 1024 1555 carmen
1039 1493 1180 1574 primurn
1196 1494 1304 1557 statim
1319 1502 1492 1562 occurrunt

330 1594 595 1674 compositionum
615 1594 724 1656 variae
744 1593 883 1670 formae,
907 1612 989 1673 quae
1011 1593 1072 1656 hoc
1096 1593 1165 1657 loco
1187 1594 1252 1657 iam
1273 1597 1489 1677 praemittam,

329 1711 400 1754 cum
421 1693 453 1755 in
471 1692 618 1755 omnihus
637 1691 831 1762 carminibus
847 1695 1041 1773 repetantur.
1079 1693 1186 1774 Atque
1203 1695 1344 1775 primum
1359 1697 1490 1777 quidem

327 1792 574 1873 uniuscuiusque
596 1812 705 1855 versus
725 1796 833 1873 partes
855 1793 951 1870 duas,
981 1813 1064 1874 quae
1087 1795 1267 1859 efficiuntur
1289 1815 1437 1876 caesura,
1464 1799 1490 1862 si

327 1895 517 1973 spectamus
541 1892 682 1955 evadunt
703 1892 786 1955 duae
808 1893 1061 1974 compositiones
1084 1915 1165 1976 quas
1186 1895 1271 1976 siglis
1293 1896 1305 1959 1
1328 1901 1359 1960 et
1380 1898 1406 1961 H
1427 1899 1490 1979 sig·

327 1992 457 2055 nificare
482 1992 560 2054 mihi
590 1992 692 2055 liceat.
734 1993 851 2056 Forma
872 1993 885 2055 I
906 1996 953 2056 est
975 1992 1071 2058 haec:
1107 1995 1225 2059 Prioris
1252 2017 1362 2062 versus
1388 1999 1490 2079 partis

328 2093 504 2155 clausulam
526 2092 686 2155 clausulae
708 2091 806 2155 totius
827 2112 937 2155 versus
959 2094 1119 2158 adsimilat
1136 2097 1297 2174 Horatius,
1319 2099 1490 2180 utrobique

326 2211 381 2255 eas
408 2211 503 2254 voces
531 2191 636 2272 ponit,
667 2211 750 2272 quae
778 2192 860 2254 inter
888 2211 921 2254 se
950 2194 1159 2275 respondent,
1191 2199 1288 2278 atque
1318 2197 1362 2260 ita
1390 2198 1490 2262 verba

326 2291 473 2371 usurpari
494 2292 610 2369 solent,
639 2296 675 2354 ut
697 2291 889 2356 adiectivum
912 2292 951 2355 sit
974 2293 1115 2357 clausula
1136 2295 1236 2377 partis
1256 2296 1386 2376 prioriS,
1414 2299 1490 2361 sub'-

326 2391 501 2454 stantivum
518 2391 655 2468 alterius
673 2395 844 2472 utrumque
860 2411 938 2455 voce
956 2393 1098 2473 quadam
1113 2394 1307 2476 seiungatur.
1344 2398 1490 2479 Exempli

326 2491 429 2570 gratia
449 2511 488 2554 ex
509 2493 650 2556 carmine
671 2492 697 2570 I,
721 2494 734 2555 1
761 2493 895 2555 adsumo
917 2511 1045 2563 versum
1066 2494 1254 2575 septimum:

521 2617 615 2681 Hunc
638 2618 663 2681 si
683 2617 898 2681 mobilium
919 2617 922 2697 Ι
941 2618 1036 2680 turba
1059 2618 1294 2695 Quiritium.

326 2740 384 2804 Cui
405 2742 527 2806 formae
545 2743 654 2807 similis
673 2746 720 2806 est
740 2743 898 2820 formali,
920 2762 1002 2825 quae
1025 2742 1070 2806 ita
1089 2743 1231 2822 efficitur,
1254 2749 1290 2809 ut
1312 2746 1412 2809 altera
1426 2767 1490 2810 vox

326 2841 359 2904 in
380 2842 468 2905 initio
490 2843 587 2906 totius
607 2863 733 2920 versus,
763 2843 864 2906 altera
885 2842 918 2904 in
940 2842 1029 2905 initio
1052 2863 1161 2907 versus
1187 2845 1288 2926 partis
1307 2847 1491 2926 posterioris

326 2942 432 3006 locum
455 2943 613 3022 obtineat,
637 2943 674 3006 cf.
697 2942 752 3020 ΙΙΙ,
775 2942 890 3020 21le

567 3067 773 3131 Inmetata
795 3065 911 3147 quibus
930 3065 933 3145 l
952 3065 1098 3146 iugera
1119 3065 1245 3130 liberas,

235 3246 246 3265 ,
327 3191 390 3255 Sed
419 3192 499 3255 haec
520 3192 626 3256 minus
653 3213 748 3274 saepe
768 3195 856 3257 extat
885 3211 984 3272 quarn
1011 3191 1115 3254 forma
1136 3191 1157 3253 l.
1200 3191 1300 3256 Porro
1329 3192 1489 3256 invenitur

328 3293 513 3374 compositio
535 3293 712 3374 quaedam,
743 3313 826 3373 quae
849 3311 915 3355 non
943 3311 1072 3372 prorsus
1095 3310 1245 3355 caesurae
1273 3296 1320 3356 est
1349 3293 1488 3374 alligata,

327 3412 426 3473 quam
447 3396 572 3469 tamen,
601 3397 637 3455 ut
657 3393 761 3456 Flacci
789 3393 871 3456 ratio
901 3393 982 3454 bene
1004 3393 1229 3471 cognoscatur,
1256 3392 1488 3472 neglegendam

327 3512 392 3555 non
414 3512 481 3555 esse
502 3495 589 3573 puto.
632 3492 749 3556 Forma
774 3492 854 3573 sigla
875 3493 915 3555 ΙΙΙ
941 3490 1118 3571 significata
1140 3489 1240 3554 oritur
1261 3491 1358 3555 haec:
1388 3493 1489 3556 altera

328 3612 390 3656 vox
411 3593 443 3656 in
465 3591 570 3670 initi0,
601 3592 701 3655 altera
723 3592 755 3655 in
776 3591 839 3655 fine
860 3611 969 3656 versus
990 3589 1087 3654 totius
1110 3588 1298 3666 collocatur;
1329 3591 1488 3673 inspicias,

328 3712 464 3773 quaeso,
486 3693 515 3770 l,
539 3693 565 3770 1,
585 3693 626 3756 34
1528 3698 1532 3707 ’

538 3816 738 3881 Lesboum
760 3815 875 3896 refugit
894 3815 897 3895 l
916 3815 1047 3879 tendere
1068 3813 1276 3877 barbiton.

235 3958 249 3985 s
328 3939 480 4017 Videsne,
503 3960 586 4022 quae
605 3941 704 4004 verba
724 3940 949 4022 respiciantur,
979 3939 1011 4002 in
1033 3939 1122 4002 initio
1144 3938 1293 4019 exituque
1316 3939 1373 4000 aut
1392 3935 1490 3999 totius

328 4059 438 4102 versus
459 4044 515 4103 aut
538 4040 667 4104 alterius
688 4041 787 4123 partis
809 4061 877 4102 esse
900 4040 1076 4103 collocata?

748 4222 886 4285 a——b
906 4220 910 4301 l
929 4218 1066 4284 a--b
