3262 5102
943 502 981 564 12⁶2

381 701 446 743 non
467 700 535 743 esse
556 682 652 761 puto,
682 679 826 742 carmina
847 678 876 755 I,
902 679 914 741 l
940 683 972 741 et
992 679 1048 756 ΠΙ,
1070 679 1112 740 al
1132 679 1241 742 formis
1263 679 1469 761 singulariter
1494 681 1553 744 de-

381 779 513 860 signatis
534 783 602 844 tota
623 777 697 842 huic
718 778 787 842 loco
808 777 1005 840 adscribere:

923 910 952 985 Ι,
979 911 1005 973 1.

532 1029 749 1092 Maecenas
771 1025 876 1088 atavis
894 1025 898 1104 Ι
917 1025 1029 1089 edite
1049 1025 1184 1106 rapidus,

534 1129 615 1192 Oet
635 1125 894 1209 praesidium
915 1129 954 1189 et
972 1125 975 1204 Ι
995 1126 1087 1189 dulce
1110 1127 1207 1190 decus
1229 1148 1376 1207 meum,

533 1228 615 1292 Sunt
635 1245 715 1308 quos
736 1224 892 1288 curriculo
911 1224 915 1304 Ι
934 1225 1098 1307 pulverem
1119 1225 1323 1308 Olympicum

532 1325 701 1406 Collegisse
722 1323 827 1400 iuvat,
847 1323 851 1401 Ι
869 1327 1048 1405 metaque
1067 1324 1204 1406 fervidis

531 1457 701 1522 Evitata
720 1457 800 1518 rotis
818 1454 822 1534 Ι
840 1455 1013 1536 palmaque
1037 1457 1152 1522 nobilis

532 1557 705 1620 Terrarum
728 1553 917 1617 dominos
935 1553 939 1633 Ι
958 1555 1064 1619 evehit
1084 1556 1127 1619 ad
1149 1557 1262 1633 deos;

534 1655 645 1732 Hunc,
667 1654 693 1717 si
715 1652 932 1716 mobilium
950 1653 953 1732 Ι
972 1655 1068 1718 turba
1088 1656 1315 1734 Quiritium

532 1753 642 1818 Certat
660 1751 904 1833 tergeminis
923 1752 926 1832 Ι
945 1753 1054 1818 tollere
1074 1756 1321 1833 honoribus;

533 1886 642 1962 Illum,
664 1885 691 1948 si
712 1883 883 1966 proprio
903 1883 906 1963 Ι
926 1885 1067 1949 condidit
1086 1886 1253 1966 horre0‚

533 1982 697 2064 Quidquid
719 1982 758 2046 de
779 1982 946 2064 Libycis
965 1983 968 2062 Ι
987 1985 1123 2049 verritur
1143 1989 1262 2052 areis,

534 2082 734 2146 Gaudentem
753 2081 878 2161 patrios
896 2081 900 2161 Ι
918 2081 1039 2147 findere
1060 2086 1184 2150 sarculo

535 2172 640 2261 Apros
661 2180 861 2244 Attalicis
880 2179 883 2259 Ι
903 2183 1224 2250 condicionibus

533 2312 718 2393 Numquam
741 2311 927 2390 demoveas,
946 2312 1005 2393 lut
1026 2315 1118 2378 trabe
1137 2316 1256 2398 Cypria

519 2411 734 2492 ⁴Myrtoum
749 2409 888 2490 pavidus
906 2410 910 2491 Ι
929 2417 1030 2475 nauta
1050 2418 1136 2478 secet
1156 2435 1275 2480 mare.

533 2509 786 2573 Luctantem.
799 2507 919 2573 Icariis
937 2510 941 2589 Ι
953 2510 1106 2590 flactibus
1126 2513 1312 2578 Africum

533 2609 690 2672 Mercator
712 2613 858 2673 metuens
876 2609 880 2688 Ι
899 2610 999 2673 otium
1023 2615 1055 2674 et
1077 2613 1188 2691 oppidi

533 2739 659 2804 Laudat
676 2759 752 2804 rura
773 2739 842 2817 sai‚·
862 2739 865 2819 Ι
883 2760 959 2803 mox
980 2741 1080 2806 reficit
1100 2749 1186 2809 rates

534 2839 690 2916 Quassas‚
712 2837 855 2902 indocilis
874 2837 877 2918 Ι
896 2840 1082 2920 pauperiem
1103 2843 1179 2924 pati.

534 2937 590 3002 Est
612 2937 667 3018 qui
688 2955 747 3000 nec
768 2937 924 3001 veteris
943 2937 946 3017 Ι
965 2940 1079 3018 pocula
1101 2941 1265 3007 Massici

533 3035 598 3101 Nec
619 3037 744 3117 partem
767 3034 902 3099 solido
922 3035 925 3116 Ι
945 3036 1070 3101 demere
1094 3040 1133 3105 de
1155 3041 1219 3106 die

534 3165 676 3249 Spernit,
698 3183 783 3228 nunc
804 3163 931 3228 viridi
950 3165 953 3246 Ι
972 3169 1117 3235 membra
1138 3173 1197 3236 sub
1219 3176 1369 3240 arbuto

532 3265 657 3329 Stratus
678 3282 764 3327 nunc
786 3262 828 3327 ad
849 3281 979 3344 aquae
999 3263 1002 3344 Ι
1022 3268 1088 3332 lene
1110 3279 1205 3350 rapat
1222 3294 1376 3340 sacrae.

533 3364 648 3428 Multos
670 3366 774 3426 castra
794 3361 905 3426 iuvant
923 3361 926 3442 Ι
946 3367 976 3427 ot
998 3364 1073 3431 lituo
1094 3370 1190 3434 tubae

533 3460 713 3526 Permixtas
734 3459 855 3523 sonitus
873 3457 877 3538 Ι
897 3459 1039 3544 bellaque
1061 3468 1215 3534 iratribus

533 3593 708 3658 Delectata.
749 3589 856 3654 Manet
874 3588 878 3668 Ι
898 3591 956 3654 sub
978 3592 1050 3658 love
1070 3595 1181 3677 frigido

534 3693 711 3757 Venator
733 3693 857 3754 tenerae
876 3688 879 3768 Ι
899 3691 1040 3771 cantapia
1062 3693 1284 3780 immemor,

536 3793 601 3858 Sea
622 3789 719 3854 visast
740 3787 893 3853 catulis
911 3788 915 3868 Ι
935 3808 1028 3856 cerva
1051 3793 1249 3864 fidelibus

533 3891 595 3958 Seu
616 3889 702 3973 rupit
724 3890 879 3952 torotcs
899 3885 902 3966 Ι
922 3887 1057 3955 Marsas
1077 3913 1154 3976 aper
1173 3899 1327 3982 plagas.

532 4021 590 4090 Mc
612 4022 780 4086 doctarum
800 4015 938 4082 hcdoruc
957 4015 960 4096 Ι
980 4021 1122 4100 praemla
1143 4025 1293 4095 frontium

532 4125 600 4192 Dis
620 4121 753 4187 miscent
774 4115 951 4198 superiS‚
972 4116 1040 4196 lma
1064 4121 1200 4202 gelidum
1221 4148 1334 4197 nemus

532 4221 820 4308 Nympharumque
842 4215 953 4280 loros
971 4214 975 4294 Ι
995 4235 1066 4282 cum
1089 4219 1209 4305 Satyris
1230 4228 1351 4298 chori

532 4323 709 4394 Secernunt
728 4315 865 4404 popula,
886 4313 933 4394 lsi
954 4333 1057 4398 nequo
1078 4319 1170 4387 tibias
