3262 5102
640 475 677 542 13

224 660 361 740 Euterpe
384 657 513 722 cohibet
532 656 535 737 Ι
554 677 614 721 nec
637 657 866 740 Polyhymnia.

225 759 426 823 Lesboum
448 757 565 838 refugit
584 755 587 836 Ι
606 756 737 820 tendere
758 756 966 826 barbiton.
995 794 999 802 »
1064 795 1092 838 ¹.

225 856 346 936 Quodsi
363 876 420 919 me
441 854 545 938 lyricis
564 854 567 934 Ι
587 855 714 919 vatibus
734 855 853 919 inseres
905 927 907 934 ¹

164 943 166 956 ¹
226 955 401 1020 Sublimi
422 955 535 1018 feriam
554 954 557 1034 Ι
577 954 682 1018 sidera
703 954 872 1018 vertice.

592 1085 648 1163 lll,
672 1086 721 1149 11.

377 1185 556 1248 intactis
577 1185 757 1266 opulentior

198 1285 428 1352 Thesauris
449 1284 595 1349 Arabum
617 1289 650 1348 et
668 1284 671 1365 Ι
691 1284 798 1349 divitis
819 1285 928 1350 Indiae

380 1385 555 1450 Coemenfis
576 1385 650 1448 licet
671 1404 807 1468 occupes

198 1488 376 1551 Terrenum
398 1504 492 1548 omne
515 1484 580 1549 tais
599 1484 603 1563 Ι
622 1488 655 1548 et
676 1504 766 1548 mare
786 1484 959 1567 publicum.

377 1615 411 1680 Si
431 1615 500 1696 figit
521 1615 747 1708 adamantinos

197 1699 528 1782 Summis‘verticibus
547 1715 551 1795 Ι
571 1715 641 1779 dira
662 1713 840 1779 Necessitas

376 1815 506 1908 Claros,
528 1835 593 1879 non
615 1816 760 1879 animum
780 1819 877 1892 metu,

198 1916 271 1980 Non
293 1915 404 1980 mortis
425 1914 548 1997 laqueis
566 1914 570 1995 Ι
590 1915 738 1996 expedies
760 1918 865 1997 caput.

375 2046 643 2129 Campestres
663 2047 777 2111 melius
800 2047 997 2129 Scythae,

197 2147 341 2227 Quorum
361 2148 505 2229 plaustra
527 2167 655 2228 vagas
675 2146 678 2226 Ι
697 2147 757 2210 rite
777 2148 911 2211 trahunt
934 2148 1090 2227 domos

377 2248 496 2311 Vivant
516 2249 548 2309 et
569 2246 661 2327 rigidi
684 2246 782 2310 Getae

198 2348 404 2412 Inmetata
425 2346 541 2429 quibus
560 2346 564 2426 Ι
583 2347 728 2427 iugera
746 2346 863 2410 liberas

376 2480 495 2560 Fruges
517 2483 549 2542 et
571 2478 719 2542 Cererem
741 2478 856 2556 ferunt,

197 2579 263 2643 Nec
287 2581 411 2644 cultura
432 2580 538 2661 placet
557 2577 561 2657 Ι
580 2578 703 2659 longior
724 2598 842 2656 annua,

377 2680 634 2760 Defunctumque
655 2678 819 2742 laboribus

198 2768 376 2861 Aequali
398 2784 522 2843 recreat
540 2779 543 2858 Ι
563 2783 676 2842 sorte
697 2777 842 2843 vicarius.

377 2911 441 2974 illic
463 2914 566 2974 matre
588 2890 779 2973 carentibus¹

198 3009 354 3092 Privignis
375 3010 524 3074 mulier
543 3010 547 3090 Ι
565 3012 724 3091 temperat
746 3009 962 3087 innocenS,

377 3111 442 3174 Nec
464 3111 575 3174 dotata
594 3109 676 3190 regit
697 3109 802 3173 virum

199 3210 344 3274 Coniunx
363 3230 423 3275 nec
445 3210 580 3274 nitido
599 3210 603 3290 Ι
621 3210 692 3273 fidit
714 3210 923 3286 adultero;

376 3344 440 3406 Dos
462 3346 510 3406 est
530 3361 650 3423 magna
669 3341 852 3423 parentium

198 3441 305 3506 Virtus
326 3446 358 3505 et
378 3446 566 3506 metuens
586 3441 589 3522 Ι
609 3441 738 3505 alterius
759 3441 819 3505 viri

376 3542 471 3606 Certo
493 3542 620 3606 foedere
643 3541 837 3618 castitaS,

198 3640 237 3704 Et
258 3660 393 3721 peccare
414 3641 526 3722 nefasl
546 3645 602 3706 aut
623 3643 792 3724 pretiumst
814 3639 904 3704 mori.

377 3772 404 3836 Ο
426 3773 569 3855 quisquis
590 3773 676 3836 volet
696 3772 799 3854 inpias

198 3873 320 3937 Caedes
342 3876 373 3937 et
396 3873 553 3936 rabiem
573 3872 576 3953 Ι
595 3873 705 3936 tollere
725 3871 917 3947 civicam,

378 3973 411 4036 Si
434 3976 567 4054 quaeret
586 3973 683 4036 Pater
703 3971 840 4037 Urbium

199 4073 361 4137 Subscribi
382 4073 508 4150 statuis,
528 4072 532 4152 Ι
552 4073 796 4137 indomitam
817 4070 936 4136 audeat

376 4204 551 4268 Refrenare
573 4202 804 4280 licentiam,

201 4305 313 4368 Clarus
333 4306 406 4385 post
425 4304 553 4384 genitis:
574 4303 577 4383 Ι
597 4299 771 4384 quatenus,
793 4302 856 4365 heu
878 4303 982 4365 nefas!
