3262 5102
697 522 716 584 7

209 702 347 766 Carmen
368 699 425 776 ΙΙΙ,
438 699 489 760 al
509 698 571 784 hac
592 699 695 764 forma
718 704 813 766 caret.
932 721 939 735 ·
1101 761 1104 770 ,
1489 700 1593 815 w

211 833 244 896 Si
274 835 382 895 autem
410 832 561 911 quattuor
590 830 643 894 illa
671 832 786 910 verba,
816 853 915 915 quae,
945 838 981 898 ut
1008 835 1111 899 forma
1140 837 1194 901 ΙΙΙΙι
1215 859 1302 904 nas·¹
1367 782 1487 956 *fidili

130 938 269 1010 ceretur,
292 931 389 995 modo
411 928 600 1006 effecerunt,
622 929 717 1011 plane
740 931 823 995 inter
843 952 876 996 se
899 935 1144 999 commiscentur
1154 961 1167 1012 ,·
1188 957 1291 1003 novae
1321 923 1371 1005 lo

130 1037 162 1096 et
177 1033 286 1096 variae
307 1030 551 1112 compositiones
572 1029 604 1092 in
627 1030 732 1093 lucem
751 1032 920 1112 prodeunt,
942 1053 1026 1113 qnae
1048 1034 1160 1098 iisdem
1182 1037 1293 1101 litteris

129 1132 289 1214 usaupatis
319 1130 379 1194 has
400 1129 520 1211 species
549 1149 627 1210 prae
655 1150 688 1194 se
714 1131 835 1194 ferunt:
869 1152 926 1195 aa
940 1133 999 1213 bil
1027 1169 1066 1178 —
1094 1135 1224 1216 bllaa
1252 1173 1292 1180 —

130 1233 257 1312 abba
279 1235 337 1294 etc.
375 1229 465 1306 Quae
488 1228 590 1292 forma
614 1230 792 1311 appelletur
813 1231 863 1308 1⁸,
888 1231 964 1312 quia
985 1252 1111 1314 semper
1133 1235 1197 1298 fere
1219 1255 1293 1299 cum

27 1324 30 1334 '
131 1332 233 1395 forma
250 1331 262 1394 Ι
280 1329 450 1395 coniuncta
472 1332 645 1409 comparet.
685 1329 749 1394 Sed
764 1349 837 1393 cum
859 1331 940 1394 haec
957 1333 1144 1414 compositio
1165 1335 1293 1418 reliquis
1388 1403 1393 1413 Ι

131 1429 408 1495 multo'difficilior
427 1428 467 1492 sit
488 1431 637 1507 tractatu,
659 1429 804 1510 exempla
825 1434 900 1494 sunt
919 1450 1010 1495 rara:
1170 1503 1173 1508 ¹

300 1531 322 1607 Ι,
348 1529 425 1605 1,1:
455 1527 673 1592 Maecenas
695 1531 801 1593 oloris
820 1530 824 1608 Ι
843 1530 954 1594 edite
975 1531 1110 1612 repleas.

131 1637 212 1701 Cum
233 1656 309 1699 vero
335 1636 457 1699 formae
478 1635 506 1698 l·
527 1639 558 1700 et
578 1635 633 1697 ΠΙ*
653 1636 749 1701 modo
771 1637 970 1718 propositae,
1000 1658 1198 1721 quamquam
1220 1657 1293 1700 raro

131 1736 288 1816 leguntur,
310 1736 465 1800 maiorem
482 1739 633 1800 ornatum
649 1736 793 1800 versibus
813 1737 936 1800 addant
956 1756 1055 1817 quam
1072 1738 1193 1802 formae
1214 1738 1236 1815 Ι,
1257 1738 1293 1814 ΙΙ,

131 1837 171 1900 ΠΙ
199 1840 383 1918 separatae,
423 1835 482 1898 illis
512 1835 688 1899 maximam
726 1855 836 1898 curam
869 1835 1086 1901 adhibuerunt
1120 1838 1294 1918 elegiarum

130 1940 261 2019 poetae,
291 1935 324 1998 id
352 1935 439 2017 quod
467 1935 679 2046 otsenderunt.
696 1933 859 1998 Gebhardi
871 1934 892 2017 ¹)
923 1939 954 1999 et
974 1937 1084 2017 Birt2).
1128 1937 1168 2000 Et
1195 1958 1294 2019 quam
1323 1976 1327 2046 Ι

131 2035 283 2100 orationis
304 2035 473 2099 elationem
496 2039 529 2098 et
555 2034 756 2098 altitudinem
777 2034 953 2099 maximam
982 2035 1014 2099 in
1035 2036 1137 2117 poetis
1157 2036 1216 2100 illis
1237 2037 1294 2101 ad-

131 2136 295 2213 miramur,
318 2135 439 2199 maiore
458 2155 496 2198 ex
517 2138 608 2215 parte
624 2153 775 2198 emanare
797 2154 836 2197 ex
857 2133 907 2198 his
929 2135 1038 2220 formis
1054 2136 1294 2215 elegantissimis

132 2236 192 2299 viri
214 2236 256 2298 illi
279 2235 362 2299 docti
384 2238 470 2298 recte
491 2234 716 2298 disseruerunt
760 2234 823 2297 Sed
852 2234 1005 2298 Horatius
1025 2235 1127 2316 poetis
1149 2235 1295 2333 elegiacis

132 2356 198 2399 non
221 2335 319 2414 cedit,
348 2355 426 2398 nam
447 2354 528 2416 quas
550 2337 702 2415 quattuor
729 2332 848 2398 formas
876 2335 1095 2398 ornatissimas
1124 2335 1211 2417 apud
1232 2336 1294 2400 ele-

131 2435 239 2517 giacos
260 2434 382 2499 inducit
402 2435 471 2498 Birt
491 2454 522 2515 p.
547 2433 602 2497 32:

130 2531 1295 2616 A:blllaa-B:adlbo-C:blflca—Dz'hlussa

131 2637 164 2699 in
184 2636 289 2700 Flacci
311 2656 440 2718 quoque
464 2634 660 2700 carminibus
681 2652 746 2696 non
769 2632 1007 2696 desiderantur:

212 2839 304 2903 A·=
328 2839 350 2917 Ι,
375 2840 402 2915 3,
421 2839 476 2903 34:
504 2748 710 2919 Explrtus
731 2753 865 2900 caedum
884 2837 888 2916 Ι
907 2766 1115 2901 Daedalus
1137 2857 1214 2900 cora

253 3035 282 3106 ΙΒ
307 3063 345 3088 =
371 3041 393 3117 I,
417 3041 443 3118 1,
463 3041 496 3104 1:
524 2969 742 3104 Maedenas
762 2957 867 3104 uiduis
886 3039 890 3121 Ι
909 2953 1020 3104 edite
1041 2972 1168 3120 repibus

184 3245 209 3309 G
233 3274 272 3298 =
296 3243 346 3322 IV,
368 3244 397 3320 5,
413 3243 470 3306 m:
492 3154 627 3307 Nullis
648 3242 799 3324 polluitur
818 3241 822 3322 Ι
842 3159 931 3306 coito
953 3242 1065 3308 domus
1086 3173 1244 3325 stuirris

183 3447 228 3511 ¹D
251 3470 290 3495 =
314 3447 363 3526 ΠΙ,
387 3449 416 3524 8,
434 3449 487 3510 19:
516 3446 612 3514 Ludit
631 3357 811 3511 herlioso
830 3379 946 3530 lpedus
968 3364 1056 3510 orde
1077 3375 1228 3528 cardpo.

212 3579 276 3642 Sed
296 3578 378 3655 iam,
407 3598 485 3641 nmn
507 3577 576 3641 aliis
606 3578 888 3659 compositionibus
908 3581 1005 3660 poeta
1034 3577 1177 3641 carmina
1198 3576 1292 3640 ador·

129 3679 272 3756 naverit,
301 3681 546 3759 perscrutemur.
589 3678 629 3741 Et
655 3682 766 3742 extant
794 3699 879 3742 sane.
922 3678 965 3741 Ut
987 3697 1062 3741 vero
1091 3678 1124 3742 in
1150 3676 1290 3740 mediam
1348 3717 1355 3738 .
1447 3709 1511 3772 Ιχ

128 3799 198 3843 rem
220 3779 419 3856 inducamur,
443 3778 567 3842 animos
589 3776 794 3842 advertamus
816 3778 849 3841 in
872 3776 1022 3842 carminis
1043 3777 1069 3854 l,
1096 3778 1110 3839 l
1140 3779 1288 3858 quartum
1345 3779 1359 3865 J
1478 3819 1487 3842 f
1508 3768 1511 3777 ’

128 3899 257 3942 versmn
278 3881 309 3942 et
331 3877 495 3959 quintum:
930 3937 932 3942 ,
1510 3867 1515 3882 “

381 3975 550 4058 Collegisse
573 3975 662 4040 iuvat
681 3977 684 4056 Ι
703 3979 884 4057 metaque
905 3973 1040 4054 fervidis

398 4076 567 4141 Evitata
590 4077 669 4140 rotis
688 4075 691 4156 Ι
710 4076 883 4158 palmaque
905 4075 1019 4139 nobilis

129 4186 323 4195 -.---

200 4249 226 4317 1)
246 4249 287 4302 De
304 4247 416 4313 Tibulli,
435 4247 581 4319 Propertii,
600 4247 692 4302 Ovidii
712 4246 859 4304 distichis.
877 4287 883 4302 .
901 4289 929 4303 ..
949 4244 1108 4316 Regimonii
1129 4243 1203 4298 1870.

197 4353 224 4424 2)
247 4352 289 4407 Ad
296 4351 436 4408 historiam
450 4352 604 4408 hexametri
617 4352 699 4409 latini
710 4352 842 4424 symbola.
864 4352 974 4406 bonnae
991 4348 1066 4402 1876.
1088 4365 1112 4416 p.
1127 4346 1160 4399 33
1172 4343 1288 4414 saepius.
