3262 5102
694 411 730 477 71

215 595 336 675 Quibus
358 597 464 657 autem
495 593 639 674 partibus
667 569 787 655 formae
815 591 953 656 anobis
983 595 1139 656 tractatae
1162 591 1290 658 faveant

127 699 163 760 in
198 697 259 760 hac
292 692 522 769 controversia,
563 691 758 772 interrogas?
811 689 904 755 Certo
944 692 1084 755 indicant
1114 692 1290 774 Spurinnae

129 799 281 860 aetatem.
327 793 408 857 Nam
439 809 577 855 omnes
608 791 790 855 elocutionis
821 793 941 855 formae
968 792 1079 856 eadem
1111 793 1174 856 lere
1201 793 1291 874 copia

131 897 318 977 comparent
340 898 437 974 atque
459 892 489 955 in
511 891 651 955 Senecae
674 891 851 972 tragoediis
874 891 911 954 cf.
934 892 1072 954 rationes
1091 892 1166 956 has:
1191 891 1292 956 forma

132 992 459 1070 l=1:3;tl=
486 995 497 1054 l
524 990 1295 1068 :o;1u=1:m;1·=1:9;11r=1:18;

132 1093 237 1158 forma
260 1092 299 1156 llt
325 1091 482 1173 glyconeis
503 1089 664 1170 implicata
687 1091 870 1184 quinquies,
899 1089 1001 1154 forma
1021 1091 1049 1154 Y
1070 1096 1182 1173 quater
1204 1112 1293 1173 spec·

132 1199 260 1267 tantum
280 1191 400 1255 formae
423 1190 462 1268 X,
483 1209 682 1272 quamquam
707 1191 737 1253 in
762 1209 826 1253 una
849 1191 914 1268 sola
937 1190 1085 1254 carminis
1103 1191 1142 1254 lV
1164 1193 1294 1274 stropha

132 1292 275 1358 extriberi
304 1295 466 1373 poteraut,
496 1295 602 1354 tamen
630 1290 678 1353 his
706 1288 746 1351 ibi
776 1293 851 1353 sunt
880 1289 1049 1354 adhibitae.
1093 1291 1192 1355 Porro
1221 1309 1293 1356 cum

133 1411 288 1458 caesurae
315 1391 384 1454 loco
407 1409 469 1453 non
497 1390 569 1471 plus
590 1390 735 1454 minusve
759 1389 799 1452 sit
830 1390 1065 1470 interpunctnm
1090 1411 1188 1474 quam
1209 1392 1294 1474 apud

135 1493 321 1568 Horatium,
344 1491 516 1564 Senecam,
537 1489 690 1566 Statium,
712 1489 887 1553 sententiae
908 1493 1034 1554 nostrae
1057 1491 1151 1554 ctiam
1174 1511 1213 1557 ex
1237 1493 1296 1556 trac

134 1612 172 1655 re
195 1591 312 1674 aliquid
336 1590 457 1653 roboris
478 1589 634 1653 addatur:
662 1592 804 1652 attamen
828 1607 900 1651 cum
923 1589 1048 1667 omnia,
1070 1610 1153 1671 quae
1174 1592 1214 1654 de
1236 1591 1296 1655 trac

134 1712 172 1755 re
187 1691 347 1773 disputata
368 1692 452 1766 sunt,
471 1687 677 1769 carminaque
697 1688 761 1768 ipse
776 1687 953 1767 diligentius
971 1689 1168 1771 inspexerim,
1188 1710 1297 1772 persu-

135 1810 229 1855 asum
260 1789 336 1853 mihi
365 1795 428 1866 est,
456 1788 530 1852 ficta
554 1807 592 1852 ea
619 1807 686 1851 esse
713 1787 817 1851 modio
846 1807 936 1851 aevo.
979 1787 1187 1866 Quaestiones
1213 1810 1297 1870 vero,

136 1911 219 1974 quas
251 1889 347 1954 habui
382 1889 420 1952 de
449 1888 547 1952 verba
580 1887 753 1952 collocandi
784 1889 923 1965 ratione,
957 1907 1155 1970 quamquam
1184 1908 1221 1952 ea
1244 1889 1298 1953 rel

135 1993 242 2074 potius
265 1989 339 2072 quia
361 1987 516 2068 si,nificat
540 1987 710 2051 Domitiani
730 1991 893 2069 tempora,
920 1987 950 2050 id
975 2005 1104 2069 prorsus
1126 1987 1299 2067 affirmant,

136 2091 318 2167 falsarium,
346 2089 369 2152 si
395 2087 525 2169 quidem
548 2091 594 2150 est
604 2105 618 2164 ,¹
643 2091 808 2169 poetarum
836 2087 915 2150 illins
946 2088 1059 2151 aetatis
1080 2089 1300 2170 proprietates,

137 2209 223 2274 quae
251 2191 429 2270 spectarent
457 2187 498 2250 ad
525 2187 694 2251 verborum
722 2186 983 2268 compositiones,
1014 2187 1095 2250 bene
1122 2189 1300 2272 acriterque

137 2289 284 2370 cognitas
307 2287 465 2351 habuisse.

220 2405 404 2470 Extremum
431 2404 463 2466 in
488 2402 677 2484 anthologiis
703 2402 808 2467 locum
836 2405 922 2466 tenet
950 2399 1093 2468 carmen
1109 2403 1302 2488 sapphicum

137 2502 266 2570 incerti
287 2502 362 2568 aori
382 2503 420 2567 el
442 2499 611 2585 auctoris,
641 2502 754 2583 legitur
779 2503 886 2566 autem
915 2503 945 2565 in
970 2503 1114 2568 Wernsd.
1140 2508 1223 2586 poet.
1246 2505 1299 2569 lat.

138 2606 217 2670 min.
239 2604 295 2683 Ill,
316 2604 397 2678 419;
431 2601 541 2679 Riese,
573 2601 660 2666 anth.
682 2601 734 2666 lat.
757 2601 836 2676 934;
868 2601 1011 2667 Bithrens
1041 2608 1125 2685 poet.
1149 2605 1202 2670 lat.
1226 2606 1302 2669 min.

138 2705 178 2782 V,
202 2705 272 2768 419.
314 2703 382 2767 Hoc
411 2721 539 2765 carmen
572 2700 614 2764 ab
642 2700 918 2780 antecedentibus
948 2702 972 2765 si
1001 2703 1098 2767 modo
1126 2703 1304 2786 Spurinnae

138 2803 290 2886 reliquias
314 2819 377 2866 non
397 2819 565 2876 curamuS,
592 2799 750 2864 diversam
774 2801 929 2864 rationem
952 2801 1110 2866 vocabula
1131 2804 1303 2888 collocandi

141 2903 286 2986 praebet,
309 2920 380 2966 cum
405 2919 517 2964 omnes
540 2898 660 2963 formae
680 2903 805 2982 practer
825 2900 852 2964 1⁸
876 2901 1083 2977 inducentem
1105 2903 1228 2966 invenis
1250 2903 1304 2984 igi-

142 3007 197 3066 tnr
220 3001 338 3068 termas
359 3000 401 3077 ll,
423 2999 478 3077 lll,
499 2998 552 3062 ΠΙΒ
573 2998 688 3078 semel,
718 2999 855 3063 formam
872 3001 884 3063 l
904 3004 968 3077 ter,
997 3002 1115 3066 formas
1136 3001 1166 3066 X
1186 3001 1234 3065 bis
1256 3003 1303 3082 (in

143 3101 195 3165 at.
217 3101 257 3165 11
284 3096 482 3182 dupliciter),
511 3097 629 3160 formas
649 3096 678 3160 X
706 3101 762 3161 ter.
805 3098 864 3164 Hic
885 3120 960 3164 usus
983 3120 1041 3165 nos
1061 3103 1306 3167 commonefacit

145 3199 280 3264 Ausonii
296 3202 475 3281 temporum
494 3199 592 3278 atque
606 3196 700 3258 etiam
718 3196 889 3263 verborum
909 3200 1020 3278 ordini,
1042 3201 1096 3282 qui
1115 3201 1306 3282 conspicitur

146 3301 177 3363 in
203 3299 232 3360 8.
252 3299 287 3361 9:

438 3467 439 3474 ἵ
564 3427 569 3437 ·
623 3392 719 3457 milite
739 3394 839 3458 vicit

466 3492 633 3556 vincere
655 3493 798 3573 ingentes
816 3497 821 3570 Ι

147 3596 234 3660 solus
255 3593 430 3658 simillimus
450 3595 497 3655 est
519 3591 651 3655 Ausonii
678 3611 706 3654 v.
728 3591 758 3670 I,
778 3594 808 3657 l.
824 3596 853 3658 5.
896 3594 1036 3660 (laesura
1058 3615 1132 3658 vero
1160 3596 1244 3658 laesa
1274 3597 1306 3660 in

147 3714 241 3758 versu
265 3693 282 3757 7
307 3692 435 3756 minoris
456 3693 503 3754 est
524 3689 691 3770 momenti,
724 3710 782 3755 nec
804 3693 958 3773 particula
983 3681 1046 3757 ‘sic'
1071 3697 1120 3757 ter
1143 3697 1245 3776 posita
1275 3696 1306 3758 in

103 3831 107 3838 ·
148 3793 244 3858 initiis
267 3810 415 3855 versuum
440 3789 560 3853 15-17
583 3789 718 3854 multum
740 3791 833 3856 valet.

233 3923 275 3986 At
298 3921 494 3986 concinnitas
515 3919 745 4070 vocabulprum
765 3921 797 3985 in
820 3922 869 3986 33.
886 3922 941 3985 341

347 4035 363 4071 a
451 4029 453 4046 .

305 4088 388 4224 an
415 4091 528 4304 (sniis)
550 4089 727 4218 munpus
791 4091 796 4165 Ι
817 4085 917 4305 (ruit)
945 4109 1082 4301 (unlus)
1109 4090 1184 4306 (illi)

306 4241 385 4305 Nec
432 4241 512 4305 satis
552 4241 796 4321 quisquamt
833 4237 902 4305 fuit
961 4259 1064 4304 unus
1126 4241 1167 4304 illi
