3262 5102
206 1495 428 1607 Dubitantem
448 1558 516 1616 me,
548 1558 646 1620 quam
670 1536 712 1601 ad
736 1539 862 1618 partem
888 1535 1067 1598 litterarum
1089 1538 1146 1598 aut
1167 1533 1264 1597 Grae-

107 1667 217 1711 carum
239 1652 295 1712 aut
309 1649 532 1712 Romanarum
549 1648 729 1712 accuratius
745 1645 1166 1726 tractandam'aggrederer,
1189 1645 1264 1706 doc·
1341 1629 1366 1638 '⁸
1436 1705 1438 1712 .

106 1756 245 1819 tissimus
267 1759 298 1818 et
318 1755 544 1820 illustrissimus
566 1757 703 1819 director
729 1755 890 1818 seminarii
912 1753 1064 1836 philologi
1089 1751 1155 1816 Th.
1178 1752 1265 1816 Birt

107 1863 261 1926 convertit
290 1864 332 1925 ad
359 1864 531 1926 verborum
560 1863 819 1944 compositiones²
851 1865 929 1944 quot
955 1849 1107 1924 Horatius
1134 1859 1265 1923 Flaccus

105 1972 201 2051 poeta
218 1969 250 2031 in
270 1969 464 2032 carminibus
480 1969 586 2051 lyricis
601 1969 769 2033 artificiose
786 1972 986 2050 usurpasset;
1010 1971 1041 2031 et
1054 1987 1174 2048 magna
1192 1986 1265 2029 cum

105 2076 268 2157 voluptate
290 2096 422 2158 operam
437 2081 468 2140 et
485 2077 626 2140 studium
641 2077 767 2140 adrem
783 2076 909 2153 contuli,
932 2075 1119 2157 praesertim
1136 2085 1208 2138 curn
1224 2073 1266 2137 ad

105 2183 167 2246 boc
181 2187 308 2264 tempus
323 2184 429 2248 subtili
440 2185 626 2267 quaestione
641 2188 756 2266 egeret.
792 2183 873 2247 Cum
882 2203 957 2246 vero
972 2183 1144 2264 praecipue
1159 2182 1266 2262 singu·

106 2291 187 2354 lares
204 2291 456 2372 compositiones,
479 2311 563 2374 quae
580 2296 761 2374 spectarent
776 2292 819 2355 ad
835 2291 1002 2368 rationem,
1023 2294 1169 2373 quaeest
1185 2291 1267 2353 inter

27 2395 33 2408 '
105 2398 305 2462 substantiva
321 2419 495 2480 eorumque
506 2399 672 2476 adiectiva,
688 2401 901 2475 observarem,
918 2399 1119 2480 anaphoram
1134 2398 1267 2480 epipho-

105 2525 176 2567 ram
187 2504 365 2568 chiasmum
376 2505 454 2568 alias
469 2505 588 2586 figuras
602 2507 855 2588 praetermittere
866 2506 945 2570 mihi
956 2506 1085 2588 placuit,
1102 2505 1268 2587 dequibus

106 2612 182 2675 satis
204 2611 370 2692 diligenter
391 2612 565 2694 disputavit
586 2615 619 2677 F.
642 2614 788 2678 Peters
816 2615 878 2678 Zur
905 2614 1122 2694 wortstellung
1149 2612 1182 2676 in
1205 2613 1267 2676 den

106 2718 189 2780 oden
206 2718 261 2781 des
270 2719 383 2782 Horaz.
410 2719 552 2783 Miinster
564 2721 651 2784 1870.
679 2721 814 2784 Formae
829 2740 905 2784 vero
919 2724 1066 2802 repertae
1081 2740 1155 2784 cum
1169 2719 1267 2802 potis-

107 2825 223 2888 simum
245 2826 383 2889 caesuris
404 2825 616 2905 inhaererent,
637 2848 696 2892 nos
719 2831 977 2905 commoverunt,
1004 2831 1040 2890 ut
1063 2827 1159 2890 etiam
1181 2830 1267 2889 vete·
1296 2820 1298 2833 '

106 2951 177 2994 rum
201 2933 485 3012 grammaticorum
507 2934 703 3013 doctrinam,
737 2955 820 3016 quae
842 2934 901 2998 fuit
922 2935 961 2997 de
984 2937 1160 2998 metrorum
1186 2933 1267 2996 deri-

106 3038 249 3116 vatione,
279 3039 458 3119 diligentius
481 3040 724 3123 inspiceremus
754 3062 853 3122 quam
876 3041 1096 3122 quaestionem
1120 3060 1177 3104 suo
1197 3040 1267 3103 loco

106 3140 304 3208 inseruimus.
344 3147 433 3210 Haec
456 3148 495 3210 de
513 3147 648 3211 Horatio
671 3148 746 3211 solo.
785 3147 863 3225 Quis
886 3152 994 3212 autem
1013 3152 1069 3226 est,
1094 3147 1171 3229 quin
1189 3145 1268 3209 sciat

106 3251 139 3313 in
156 3249 366 3315 diiudicandis
388 3254 549 3335 scriptoris
570 3255 702 3318 alicuius
723 3260 791 3318 arte
815 3259 846 3318 et
864 3255 1015 3319 facultate
1032 3258 1089 3320 aut
1109 3253 1267 3318 scribendi

107 3360 164 3420 aut
193 3359 329 3421 canendi
350 3379 503 3441 quaerere
528 3361 638 3443 utique
666 3362 782 3425 nostris
803 3362 1001 3443 temporibus
1028 3381 1139 3426 omnes
1161 3359 1267 3424 solitos

106 3483 184 3539 esse,
208 3467 239 3526 et
260 3485 340 3546 quos
357 3466 408 3529 ille
429 3471 556 3531 secutus
576 3472 657 3531 esset
678 3469 711 3531 in
733 3469 929 3548 argumentis
946 3472 1043 3549 atque
1066 3469 1098 3531 in
1117 3486 1267 3530 versuum

107 3568 264 3646 artificiiS,
293 3576 325 3635 et
346 3573 401 3654 qui
422 3574 535 3654 ipsum.
579 3575 618 3638 Et
641 3575 788 3656 quamvis
808 3576 893 3640 hanc
919 3576 958 3639 de
981 3577 1152 3639 verborum
1172 3573 1267 3637 collo-

107 3678 232 3742 catione
247 3680 467 3759 quaestionem
485 3680 618 3745 sortasse
636 3681 767 3745 minoris
781 3683 874 3764 pretii
892 3702 960 3746 esse
976 3682 1148 3764 putaveris
1169 3700 1267 3762 quam

107 3804 173 3865 qua
190 3787 327 3849 multum
345 3787 456 3868 augeri
470 3788 569 3869 possit
586 3789 740 3866 doctrina,
758 3792 867 3852 tamen
885 3809 959 3853 cum
976 3809 1048 3853 eam
1065 3788 1266 3870 susciperem,

106 3892 278 3973 parvulum
300 3893 430 3973 quidem
453 3895 658 3958 commodum
678 3899 867 3980 eventurum
888 3915 956 3958 esse
978 3895 1112 3977 speravi.
1156 3895 1267 3974 ltaque

106 4002 279 4079 postquam
303 4002 514 4081 componendi
536 4022 630 4065 usum
652 4022 690 4065 ac
711 4003 869 4066 rationem
892 4022 1012 4079 eorum,
1036 4001 1090 4082 qui
1113 4004 1188 4064 ante
1201 4000 1267 4062 Ho-

106 4105 225 4168 ratium
247 4105 391 4184 fuerunt‚
413 4113 630 4188 perscrutatus
651 4114 796 4186 sum,'ut
818 4130 871 4173 eos
892 4129 1036 4191 quoque,
1058 4108 1114 4190 qui
1135 4106 1267 4171 saeculis

106 4215 180 4293 post
214 4211 288 4276 Chr.
316 4233 346 4276 n.
399 4213 523 4278 Horatii
552 4216 661 4279 metris
695 4216 799 4298 lyricis
832 4217 1038 4295 studuerunt,
1070 4215 1266 4289 adhiberem,

105 4319 247 4382 maxime
262 4339 314 4382 me
330 4320 533 4386 adduxerunt
553 4322 743 4402 Zingerle
764 4322 875 4386 libellis
897 4323 1038 4390 duobus:
1060 4325 1105 4389 Zu
1120 4331 1267 4409 spateren

156 4451 307 4502 (serenaret).
1117 4444 1128 4494 l
