3262 5102
689 1197 717 1267 1.

203 1319 251 1382 Ac
272 1319 412 1412 primum
435 1319 581 1401 quidem,
604 1318 765 1399 quomodo
787 1317 819 1380 in
840 1317 944 1382 Flacci
967 1315 1177 1396 carminibus,
1200 1333 1283 1399 quae

121 1421 254 1482 utantur
269 1419 385 1482 metris
406 1419 628 1500 asclepiadeis,
652 1419 822 1500 sapphico,
845 1418 981 1496 alcaic0,
1007 1418 1175 1482 verborum
1197 1437 1283 1482 com-

121 1518 293 1599 positiones
328 1519 466 1582 caesuris
499 1537 639 1582 conexae
669 1521 863 1600 appareant,
896 1518 1055 1599 inquirere
1085 1517 1284 1600 propositum

122 1621 178 1681 est.
221 1618 315 1696 Quod
344 1621 381 1681 ut
403 1618 475 1695 fiat,
505 1617 630 1682 initium
659 1619 786 1701 capiam
813 1618 963 1682 ametris
993 1616 1282 1698 asclepiadeis.

122 1717 266 1795 Quorum
290 1725 488 1800 quamquam
511 1718 650 1782 existunt
678 1739 796 1800 genera
818 1722 970 1801 quattuor
998 1720 1125 1799 praeter
1145 1720 1284 1780 metrum

122 1816 359 1898 asclepiadeum
381 1818 502 1895 maius,
531 1821 641 1882 tamen
662 1839 727 1882 non
748 1818 807 1882 nisi
828 1819 908 1896 duo,
939 1837 1023 1898 quae
1043 1816 1182 1880 maxime
1203 1818 1285 1882 inter

122 1936 156 1980 se
179 1917 343 1994 differunt,
375 1917 555 1998 diligentius
577 1917 732 2000 inspicere
754 1919 892 1995 iuvabit,
922 1918 993 1981 dico
1020 1921 1159 2000 systema
1186 1917 1285 1981 ascle-

121 2016 273 2098 piadeum
294 2016 434 2097 primum
456 2021 488 2081 et
506 2017 635 2081 tertium
649 2016 681 2100 ¹).
724 2017 879 2100 Exempla
900 2021 974 2081 sunt
994 2017 1076 2080 illius
1097 2017 1168 2079 libri
1190 2015 1285 2098 primi

121 2135 252 2179 carmen
273 2116 427 2198 primurn,
448 2117 543 2181 huius
564 2118 635 2180 libri
657 2118 742 2182 tertii
764 2137 894 2182 carmen
915 2116 1024 2182 XXIV.

203 2216 298 2287 Modo
321 2216 442 2280 dictum
471 2222 519 2281 est
547 2218 792 2299 compositiones
820 2236 972 2282 caesurae
997 2215 1199 2281 inhaerentes
1226 2235 1284 2279 nos

122 2316 393 2398 contemplaturos
422 2337 507 2394 esse;
549 2319 784 2400 Horatiumque
811 2319 933 2400 ipsum,
964 2321 1000 2380 ut
1032 2335 1071 2379 ex
1103 2315 1165 2379 hac
1194 2317 1286 2396 parte

121 2420 352 2494 tractarentur,
380 2417 588 2481 adhortatum
612 2438 680 2482 esse
704 2418 934 2500 cognoscimus,
976 2415 1060 2480 Nam
1081 2431 1309 2480 caesurarum

122 2518 213 2582 sedes
234 2516 410 2599 plurimum
431 2517 538 2581 valere
560 2518 695 2582 voluisse
717 2538 750 2582 se
772 2518 923 2595 ostendit,
947 2536 1021 2580 cum
1041 2535 1149 2593 voces,
1171 2513 1287 2595 quibus

122 2617 278 2680 maiorem
299 2617 364 2680 vim
394 2616 553 2698 implicat,
584 2618 617 2680 in
646 2618 735 2684 initio
764 2623 820 2683 aut
841 2618 938 2682 totius
963 2637 1073 2680 versus
1100 2619 1159 2680 aut
1187 2613 1287 2696 partis

123 2717 253 2780 alterius
275 2737 408 2780 caesura
429 2718 561 2781 effectae
582 2723 692 2800 ponat.
735 2720 828 2783 Fines
851 2737 979 2800 quoque
1001 2717 1167 2798 utriusque
1187 2716 1287 2796 partis

123 2836 273 2880 versuum
305 2817 398 2880 simili
434 2818 531 2881 modo
565 2821 745 2882 tractantur
784 2822 881 2900 atque
913 2817 1011 2881 initia.
1063 2815 1209 2893 Quantus
1247 2815 1287 2878 sit

124 2917 284 2980 interdum
302 2917 354 2980 hic
371 2937 456 2994 usus
479 2918 625 2999 exemplo
642 2918 806 2982 illustrabo
821 2918 892 2996 hoc,
910 2937 1007 2982 earm.
1027 2915 1076 2993 IV,
1090 2917 1136 2993 14,
1146 2914 1286 2978 41—521

287 3013 332 3080 Te
355 3016 517 3080 Cantaber
538 3036 604 3080 non
623 3016 627 3096 Ι
647 3022 722 3081 ante
745 3017 913 3081 domabilis
1027 3083 1029 3088 ,

287 3116 462 3197 Medusque
484 3119 515 3179 et
536 3116 641 3194 InduS,
662 3116 665 3196 l
686 3117 723 3180 te
746 3116 900 3198 profugus
921 3115 1055 3198 Scythes

350 3216 499 3292 Miratur,
521 3236 541 3279 o
561 3217 661 3280 tutela
680 3236 832 3298 praesens

348 3315 457 3380 ltaliae
480 3315 694 3398 dominaeque
715 3316 849 3378 Romae.

287 3440 352 3528 ro,
377 3445 512 3509 fontium
534 3446 589 3528 qui
608 3446 611 3525 Ι
631 3447 713 3510 celat
734 3446 879 3527 origines

287 3543 439 3627 Nilusque
461 3549 493 3609 et
512 3547 606 3623 Ister,
626 3546 630 3626 Ι
650 3547 687 3610 te
708 3547 840 3628 rapidus
862 3545 973 3626 Tigris,

349 3641 395 3709 're
417 3646 565 3710 beluosus
586 3647 642 3728 qui
662 3648 792 3711 remotis
930 3642 935 3654 '

348 3744 679 3826 Obstrepit.0ceanus
700 3747 871 3824 Britarmis,

289 3872 334 3939 Te
355 3896 420 3939 non
442 3877 589 3958 paventis
608 3877 611 3956 Ι
631 3878 744 3942 funera
766 3877 886 3941 Galliae

288 3975 458 4056 Duraeque
479 3976 571 4039 tellus
590 3975 593 4056 Ι
613 3977 704 4043 audit
726 3977 885 4054 Hiberiae,

351 4071 397 4138 Te
420 4076 518 4140 caede
540 4077 716 4157 gaudentes
738 4075 908 4158 Sygambri

349 4174 528 4256 Conpositis
546 4179 740 4240 venerantur
761 4176 867 4239 armis.

194 4337 220 4406 1)
240 4337 278 4390 Ex
299 4339 407 4392 ratione
425 4338 454 4392 L.
474 4337 608 4393 Muelleri.
