3262 5102
36 637 37 676 l
84 623 297 706 discrepantem
346 623 389 684 ab
438 623 622 704 aequalibus
673 624 812 702 induxit,
864 643 921 690 nec
972 630 1079 710 video,
1133 651 1228 713 quern

36 719 37 726 ’
86 742 177 802 parem
214 724 242 786 ei
277 723 421 786 nuntiem
460 722 516 784 nisi
542 723 712 802 Senecam,
750 725 801 806 qui
836 725 922 789 solus
959 729 1070 792 eadem
1106 730 1230 794 licentia

85 841 177 886 versus
204 827 322 886 natura
342 822 483 885 diversos
512 821 666 886 inunum
695 826 830 886 metrum
854 825 1007 890 contudit.
1051 828 1161 910 ltaque
1183 833 1229 892 in·

85 923 212 986 reniruus
235 921 451 1003 asclepiadeos
479 921 616 985 minores
637 921 669 984 in
692 921 791 984 vicem
811 923 994 988 coniunctos
1023 945 1095 991 cum
1118 929 1230 1010 phere-

85 1023 182 1086 crateis
203 1020 259 1101 (ll,
280 1021 311 1100 B)
338 1023 395 1084 aut
420 1021 561 1086 dimetris
592 1021 732 1086 iambicis
760 1020 832 1103 (ΙΙΙ,
855 1022 896 1102 8).
940 1024 1230 1109 Hendecasyllabos

85 1121 237 1202 sapphicus
258 1121 343 1182 md
366 1124 479 1200 στίχον
500 1122 698 1187 continuavit
719 1121 868 1185 Boethius
893 1123 926 1200 ΙΙ,
947 1125 966 1186 6
988 1131 1018 1187 et
1042 1126 1089 1200 lV,
1112 1126 1129 1188 7
1153 1126 1230 1207 (uno

86 1219 236 1284 claudente
263 1220 396 1298 adonio)
424 1221 635 1302 conexuitque
655 1239 729 1284 cum
758 1220 1029 1304 hendecasyllabis
1061 1223 1230 1306 phalaeciis

87 1317 130 1395 ΙΙΙ,
155 1321 207 1396 ΙΟ,
242 1339 314 1383 cum
346 1319 505 1401 glyconeis
539 1318 579 1396 ΙΙ,
608 1321 634 1384 3.
679 1319 793 1384 Verum
824 1340 890 1384 non
920 1322 1021 1386 solum
1055 1329 1228 1388 metrorum

87 1418 223 1483 electione
252 1419 403 1484 Boethius
432 1420 594 1503 adaequat
623 1421 795 1496 Senecam,
826 1421 883 1484 sed
910 1422 1005 1484 eiiam
1040 1423 1231 1504 usurpandis

87 1519 255 1583 elocutionis
284 1519 409 1596 formis,
439 1537 515 1582 nam
546 1519 704 1582 nonnullis
725 1518 891 1583 Horatium
921 1521 1055 1584 mullum
1084 1527 1231 1602 superat;

88 1620 168 1684 nodo
196 1620 331 1683 observa
362 1637 569 1684 numerorum
600 1620 772 1685 rationem:
805 1619 906 1684 iorrua
935 1619 945 1682 Ι
977 1621 1063 1702 apud
1092 1640 1164 1685 eum
1200 1623 1229 1684 in

88 1715 302 1800 asclep.t:B,
330 1719 361 1782 in
382 1717 493 1800 sapph.
519 1717 657 1794 tzau,
686 1717 856 1782 lorman
883 1721 913 1782 in
942 1721 1052 1803 sapph.
1077 1717 1170 1797 123,
1199 1722 1229 1784 in

89 1818 149 1881 ascl.
175 1817 321 1882 nimirum
352 1819 497 1900 usurpari
527 1838 591 1883 non
620 1823 762 1900 possunt.
805 1819 838 1882 ln
867 1820 977 1884 ceteris
1006 1819 1114 1884 formis
1142 1819 1231 1883 dilie-

89 1920 175 1982 rentia
194 1919 275 1982 inter
304 1923 368 1982 tres
396 1923 506 2000 poetas
528 1921 578 1984 vix
606 1919 854 2001 deprehenditur
884 1924 1007 2000 practer
1036 1921 1170 1984 formam
1194 1919 1232 1982 ΙΙΙ

90 2015 231 2096 glyconeis
260 2018 458 2100 impositam,
491 2038 573 2100 quae
604 2019 635 2083 in
666 2037 808 2083 novem
837 2020 975 2083 versibus
1007 2021 1232 2103 quinquies

90 2120 162 2179 extat
196 2116 386 2197 (flammis
419 2117 508 2182 stella
543 2117 857 2199 prementibus).
916 2117 1063 2182 Ceterum
1100 2137 1232 2182 caesura

90 2219 148 2294 post
168 2217 311 2297 quintam
327 2216 482 2299 syllabam
506 2218 538 2282 in
559 2217 727 2299 sapphicis,
752 2222 821 2299 post
836 2222 958 2281 sextam
979 2218 1011 2281 in
1027 2217 1232 2298 asclepiadeis

91 2315 193 2398 ubique
214 2315 369 2381 collocata
391 2320 448 2381 est.

161 2457 314 2522 Docemur
335 2457 494 2522 vero'hac
522 2458 742 2522 observatione
764 2457 947 2535 Boethium,
976 2477 1047 2521 cum
1077 2455 1163 2519 omui
1193 2476 1233 2520 ex

91 2562 167 2635 parte
192 2557 370 2622 aemulatus
399 2557 439 2622 sit
460 2557 629 2638 Senecam,
657 2558 828 2640 plurimum
857 2558 981 2620 ditierre
1008 2557 1050 2620 ab
1073 2556 1232 2632 onruibus,

91 2658 135 2736 qui
164 2662 229 2739 post
250 2658 427 2721 Ausonium
458 2658 600 2722 carmina
629 2660 743 2721 nostris
773 2657 878 2720 metris
907 2657 1125 2720 condiderunt.
1167 2655 1232 2720 Nec

91 2755 207 2821 Boethio
226 2760 316 2821 ortus
346 2761 392 2819 est
413 2756 584 2840 discipulus
612 2761 668 2821 aut
691 2757 846 2833 imitator,
874 2757 927 2819 sed
951 2757 1067 2820 usitata
1095 2760 1125 2818 et
1148 2775 1233 2819 corn·

91 2858 179 2923 munis
197 2859 279 2924 ratio
301 2858 373 2922 inde
395 2862 523 2938 recepta
545 2858 679 2922 duravit.

159 3002 332 3084 Postquam
355 3020 459 3064 sermo
480 3000 583 3064 incidit
607 3001 639 3064 in
660 2999 838 3075 Boethium,
859 3002 956 3063 restat
979 3004 1013 3062 ut
1036 2999 1172 3066 breviter
1194 3000 1233 3063 de

91 3100 218 3182 Bnnodii,
242 3103 396 3177 venantii,
419 3101 565 3182 Gregoris
586 3101 694 3183 Papae
717 3099 909 3163 carminibus
933 3100 996 3163 huc
1016 3099 1234 3179 spectantibus

91 3201 264 3282 disputetur.
302 3203 363 3267 Sed
384 3201 568 3285 priusquam
591 3202 673 3265 hanc
689 3201 933 3281 disputationem
956 3199 1119 3274 adeamus
1141 3199 1234 3262 liceat

90 3301 189 3368 afferre
208 3303 353 3368 carmina
382 3303 581 3385 asclepiadeo
605 3305 705 3364 metro
735 3303 791 3363 aut
813 3298 964 3381 sapphico
989 3304 1122 3380 pancla,
1151 3318 1234 3380 quae

90 3402 116 3464 in
135 3404 321 3484 anthologiis
346 3403 447 3467 latinis
469 3401 618 3484 dissipata
640 3400 804 3482 leguntur3
837 3417 895 3463 nec
918 3398 1144 3480 impedimento
1167 3420 1234 3462 esse

90 3502 222 3585 arbitror,
246 3503 334 3587 quod
354 3506 458 3567 aetate
481 3502 549 3585 plus
571 3502 715 3566 minusve
739 3501 820 3564 inter
843 3519 876 3562 se
900 3497 1054 3561 differant.

73 3655 74 3660 1
161 3623 241 3688 Sunt
262 3641 338 3685 vero
360 3605 500 3685 carmina
523 3618 675 3699 sapphica

147 3717 288 3806 Sulpicii
308 3719 452 3804 Luperci
474 3725 505 3785 et
526 3716 655 3785 Pbuuau
678 3719 792 3799 (praei.
815 3718 854 3782 ad
877 3717 975 3780 vitam
998 3716 1134 3799 Vergilii)
1149 3715 1171 3798 ¹)

90 3841 253 3922 exquibus
274 3840 401 3922 Sulpicii
424 3858 552 3904 carmen
575 3835 813 3918 comprehendit
833 3833 979 3916 strophas
1001 3838 1079 3911 tres,
1106 3833 1234 3897 Phocae

91 3941 223 4022 strophas
252 3961 315 4004 sex.
368 3939 405 4004 Bt
442 3956 573 4004 caesura
603 3936 731 4019 quidem
762 3936 880 4018 ubique
918 3932 1108 4016 conspicitur
1140 3932 1234 3997 virilis

94 4097 273 4108 Ἢ

150 4187 173 4254 Ι)
190 4185 353 4240 Werusdorf
372 4186 445 4255 poet.
464 4183 513 4239 lut.
532 4182 596 4238 min.
615 4181 736 4252 111‚tus
755 4184 783 4236 et
801 4181 858 4236 410.
878 4211 911 4220 -
932 4181 962 4234 Α.
981 4179 1059 4234 Riese
1083 4179 1160 4233 anth.
1179 4179 1229 4233 lat.

92 4268 135 4322 648
151 4274 177 4324 et
192 4273 249 4328 671.
285 4271 315 4324 Ε.
334 4271 466 4334 Bcthrens,
489 4272 558 4338 poet.
577 4269 625 4322 lat.
646 4269 710 4322 min.
728 4268 774 4338 lv,
795 4267 860 4332 107;
884 4267 917 4332 V,
935 4267 977 4322 85.

1071 4369 1101 4421 52
