3262 5102
672 411 706 472 31

194 590 233 654 Et
253 590 331 654 haec
353 591 392 653 de
408 590 631 671 „asclepiadcis
675 589 708 654 ln
723 593 839 652 metro
861 593 967 654 autem
997 591 1150 674 sapphico
1171 598 1267 676 atque

107 691 248 772 alcaico,
277 711 347 755 cum
370 691 524 753 memoria
553 692 592 754 sit
613 691 745 772 simplex
768 695 799 752 et
822 710 901 767 una,
933 694 1075 774 quaestio
1098 698 1144 756 est
1165 697 1267 758 minus

108 791 257 853 contorta
280 793 311 852 et
334 788 475 852 difficilis
518 789 599 852 Nam
622 789 652 852 in
676 789 848 853 derivando
872 791 1181 872 metro,Sapphioo
1203 794 1265 857 iam

108 889 241 952 Caesius
262 889 376 952 Bassus
405 908 569 952 caesuram
601 893 670 970 post
692 889 835 971 quintam
860 888 1012 968 syllabam
1040 909 1108 954 esse
1136 893 1222 956 iubet
1236 894 1267 971 ¹).

108 989 231 1052 Eodem
243 988 311 1051 loco
320 988 496 1070 eodemque
508 1007 602 1051 sensu
610 1007 733 1052 versum
745 989 889 1052 dividunt
899 989 975 1052 Mar.
984 989 1130 1054 Victorin.
1141 991 1188 1071 Vl,
1202 993 1267 1054 ror.

106 1089 254 1151 Diomed.
277 1087 385 1163 1,508.
432 1086 599 1165 Quomodo
622 1088 716 1168 igitur
739 1093 858 1150 valeres
880 1089 1045 1169 scriptores
1066 1090 1159 1154 buius
1178 1093 1267 1154 metri

107 1187 338 1250 derivationem
364 1188 494 1250 omnino
516 1188 634 1250 institui
663 1189 837 1268 voluerint,
867 1189 1051 1270 perspicitur
1080 1194 1199 1272 optime
1230 1212 1268 1256 ex

108 1288 326 1367 grammaticis
347 1287 442 1350 modo
459 1287 557 1365 dictis,
579 1289 631 1368 qui
656 1292 788 1369 uterque
810 1291 930 1368 partem
950 1307 1056 1351 versus
1074 1291 1266 1371 superiorem

107 1407 149 1451 ex
171 1386 347 1466 trochaico,
369 1391 492 1466 partem
515 1388 691 1451 interiorem
715 1408 753 1451 ex
774 1389 917 1451 iambico
928 1407 993 1452 esse
1016 1389 1128 1452 tradit:
1162 1391 1269 1474 itaque

107 1487 366 1569 hendecasyllabi
386 1488 527 1568 sapphici
545 1492 665 1568 partem
682 1489 816 1569 priorem
832 1508 897 1550 esse
914 1488 1185 1568 penthemimeren
1206 1494 1270 1554 tro·

106 1589 251 1652 chaicam
276 1592 362 1650 recte
383 1589 588 1669 pronuntiare
605 1607 800 1670 possumus3
831 1607 905 1651 nam
930 1589 1013 1670 quod
1038 1588 1176 1652 secundo
1201 1588 1269 1651 loco

108 1707 242 1770 prorsus
263 1691 352 1750 curat
372 1687 531 1767 Horatius,
554 1691 589 1751 ut
609 1707 732 1769 semper
754 1688 941 1751 adhibeatur
962 1690 1121 1770 spondeus
1144 1691 1270 1751 senten-

108 1790 174 1850 tiae
193 1806 255 1849 non
278 1793 325 1850 est
354 1788 592 1868 impedimento,
623 1807 694 1850 cum
715 1791 789 1851 ante
810 1787 911 1852 Flacci
938 1807 1053 1852 aevum
1076 1793 1189 1870 poetae
1209 1789 1269 1851 hoo

108 1907 172 1951 usu
196 1907 258 1950 non
289 1888 349 1950 sint
370 1889 516 1952 obstricti.
559 1888 621 1954 Sed
642 1885 925 1974 CaesiusBassus,
955 1890 1007 1970 qui
1036 1889 1119 1952 hanc
1144 1891 1268 1968 partem

108 2007 151 2050 ex
172 1986 364 2049 archilochio
385 1987 542 2068 quadrato
556 1988 641 2051 nasci
664 1987 740 2063 vult,
765 1987 796 2050 id
817 1989 922 2051 minus
937 1987 1018 2051 bene
1038 1987 1144 2063 tradit,
1167 2007 1269 2069 neque

109 2087 282 2169 quisquam
312 2090 420 2166 postea
449 2086 532 2150 idem
561 2085 672 2161 refert,
701 2087 776 2168 quia
805 2087 853 2148 ille
881 2106 988 2150 versus
1017 2105 1131 2150 novem
1162 2087 1271 2149 metris

108 2185 337 2268 principalibus
360 2205 424 2248 non
443 2185 686 2263 adnumeratur,
716 2205 753 2249 ex
774 2187 888 2268 quibus
909 2187 1014 2249 omnia
1044 2189 1144 2250 metra
1167 2186 1270 2249 adiec-

107 2287 198 2360 tione
212 2286 406 2349 detractione
424 2285 688 2348 transmutatione
703 2286 944 2349 concinnatione
964 2287 1076 2365 fluunt,
1099 2287 1152 2349 sed
1168 2287 1270 2350 adnu-

109 2389 255 2451 meratur
275 2385 457 2463 trochaeus,
491 2405 593 2476 neque
623 2385 833 2448 dubitandum
860 2389 919 2464 est,
950 2388 1041 2467 quin,
1073 2387 1125 2468 qui
1151 2388 1270 2469 primus

110 2490 286 2552 metrorum
303 2485 501 2548 derivationis
509 2485 703 2566 disciplinam
721 2484 870 2561 docuerit,
881 2504 1005 2549 versum
1021 2486 1207 2567 sapphicum
1222 2507 1270 2550 re-

109 2585 482 2654 duxeritadtrochaicum
490 2589 707 2662 metrumuon
715 2586 754 2647 ad
763 2585 1017 2649 archilochicum.
1037 2587 1149 2650 Atilius
1157 2587 1271 2649 deinde

108 2684 358 2748 Fortunatianus
379 2685 516 2766 primam
538 2703 647 2746 versus
669 2703 832 2748 caesuram
857 2686 1061 2764 trochaicam,
1084 2691 1269 2769 sequentem

110 2785 282 2849 iambicam
293 2804 360 2848 esse
376 2786 419 2866 (p.
430 2783 503 2865 uel)
522 2785 593 2848 cum
607 2785 706 2848 Mario
716 2779 876 2848 Victorino
893 2789 922 2847 et
935 2786 1086 2850 Diomede
1097 2788 1270 2860 consentit;

109 2885 165 2948 sed
186 2905 217 2966 p.
232 2885 292 2947 297
314 2886 491 2948 accuratius
512 2885 667 2948 disserens
690 2904 761 2948 cum
787 2903 933 2948 caesuras
956 2886 1093 2967 appellet
1114 2887 1269 2950 dimetron

108 2982 409 3064 brachycatalecton
433 2983 629 3047 trochaicum
650 2986 680 3046 et
708 2984 864 3046 dimetron
888 2984 1162 3066 hypercatalecton
1192 2985 1271 3047 iam-

109 3086 217 3149 bicum
242 3083 303 3146 ita:

373 3182 435 3244 iam
458 3180 533 3244 satis
555 3181 644 3244 terris
665 3182 696 3244 ni
715 3191 718 3250 t
738 3183 784 3244 vis
805 3185 901 3265 atque
924 3183 1011 3246 dirae

110 3285 215 3348 differt
240 3282 282 3345 ab
304 3282 370 3345 aliis
397 3281 620 3361 grammaticis
642 3283 695 3363 qui
717 3302 843 3346 versum
868 3284 1057 3346 intercidunt
1078 3286 1148 3364 post
1178 3281 1272 3363 quin-

110 3390 176 3448 tam
195 3382 361 3466 syllabam,
383 3401 462 3462 quos
481 3381 631 3444 Horatius
653 3381 839 3464 plerumque
860 3386 906 3446 est
927 3385 1061 3446 secutus.
1103 3382 1271 3445 Praeterea

110 3503 182 3548 cum
206 3481 344 3546 crebrius
361 3481 556 3560 grammatici
572 3481 774 3545 similitudine
792 3482 931 3563 quadam
952 3482 1073 3563 decepti
1088 3501 1195 3544 versos
1214 3501 1271 3544 na-

110 3587 184 3646 tura
212 3583 424 3662 discrepantes
449 3581 489 3643 ad
521 3581 791 3662 comparationem
822 3585 1028 3655 arcesserent,
1059 3581 1109 3644 hic
1144 3600 1272 3662 quoque

109 3682 230 3745 inducti
253 3685 335 3756 sunt,
359 3684 394 3742 ut
417 3679 716 3761 hendecasyllabum
739 3681 925 3762 sapphicum
949 3681 1173 3761 coniungerent
1197 3700 1270 3743 cum

108 3779 374 3862 hendecasyllabo
396 3779 522 3855 alcaico
544 3779 618 3843 Atil.
641 3780 770 3844 Fortun.
793 3779 840 3856 Vl,
864 3781 940 3843 297:
967 3779 1070 3843 ‘huius
1090 3780 1113 3842 si
1135 3781 1271 3861 primam

108 3880 264 3963 syllabam
283 3879 314 3941 in
332 3879 476 3943 ultimum
493 3879 699 3958 transtuleris,
719 3880 811 3943 facies
828 3879 1126 3962 hendecasyllabum
1144 3880 1271 3961 sapphi-

110 3979 208 4056 cum’;
239 3979 288 4043 vel
311 3999 382 4043 cum
415 3979 680 4061 hendecasyllabo
708 3978 870 4061 phalaecio
901 3979 1103 4043 commutatis
1131 3979 1270 4060 dactylis,

109 4079 187 4144 Mar.
210 4079 358 4143 Victorin.
381 4100 412 4160 p.
435 4079 509 4156 156,
541 4080 627 4162 quod
649 4079 785 4142 breviter
806 4078 856 4142 hic
877 4079 1191 4144 commemorandum
1216 4083 1270 4142 est.

109 4198 301 4208 -...-.---

180 4247 204 4316 1)
222 4243 463 4314 chrispus-21.
478 4229 792 4315 Kiessling,0denp.lll.
803 4243 1270 4315 R.Westpbal‚Metr.Ilp.776and.
