3262 5102
914 445 955 510 60

361 623 687 690 christianorum
712 625 879 702 poetarum
906 619 1003 684 choro
1024 619 1164 702 primum
1186 619 1406 684 collocandum
1428 620 1517 684 dixe-

361 723 439 788 rim’.
478 720 647 785 Enimvero
669 721 701 782 et
723 718 755 782 in
772 718 934 784 vocabulis
955 717 1110 799 ponendis
1126 716 1270 798 proxime
1286 717 1328 782 ad
1345 717 1516 783 Horatium

361 821 493 887 accessit
523 822 555 882 et
591 816 744 900 plurimos
773 836 882 881 versus
912 816 1020 880 metris
1051 814 1234 880 Horatianis
1271 816 1457 898 conscripsit
1487 822 1518 882 et

361 920 571 1004 proprietates
588 932 772 980 communes
791 915 880 978 duxit
898 934 971 978 cum
986 913 1172 995 aequalibus
1186 915 1261 978 has:
1283 934 1415 978 caesura
1430 920 1518 979 certo

361 1022 431 1085 loco
459 1015 570 1098 riguit,
600 1033 663 1095 quo
692 1032 920 1095 saepenumero
948 1016 1004 1076 aut
1032 1012 1169 1092 graviter
1199 1017 1255 1076 aut
1282 1012 1391 1076 leviter
1420 1013 1517 1077 inter-

361 1117 521 1202 pungitur‚
540 1113 711 1178 verborum
730 1115 889 1176 structura
904 1111 1114 1192 grammatica
1133 1111 1227 1175 unius
1244 1111 1395 1194 strophae
1413 1111 1517 1193 spatio

348 1203 560 1282 'concluditur
589 1231 649 1276 neo
677 1211 909 1292 transgreditur
939 1211 971 1273 in
1001 1211 1151 1290 alteram,
1186 1211 1307 1292 figurae
1338 1210 1518 1274 rhetoricae

361 1332 529 1380 numerose
551 1311 661 1377 adesse
683 1310 840 1388 desinunt,
863 1310 1039 1373 formarum
1059 1328 1135 1391 pars
1155 1309 1296 1373 crebrius
1315 1329 1392 1390 pars
1413 1309 1517 1374 rarius

362 1413 396 1478 in
417 1414 520 1477 lucem
541 1410 708 1493 profertur.
751 1408 839 1490 Haec
861 1409 900 1472 de
919 1407 1108 1485 Prudentio,
1130 1407 1272 1490 sequitur
1295 1407 1468 1490 discipulus

376 1607 379 1618 .
444 1522 604 1592 Paulinus
617 1525 638 1608 ¹)
684 1525 919 1606 Burdigalensis
958 1523 1057 1588 Nolae
1101 1523 1284 1606 episcopm,
1328 1524 1383 1605 qui
1427 1525 1517 1589 initio

363 1625 480 1692 saeculi
510 1625 537 1686 V
572 1623 740 1710 epistulam
770 1644 828 1706 per
859 1622 1008 1706 strophas
1040 1623 1209 1704 sapphicus
1238 1624 1279 1687 85
1318 1623 1443 1706 scripsit
1478 1625 1521 1688 ad

363 1725 508 1790 Nicetam
525 1725 708 1806 episcopum
727 1724 913 1788 redeuntem
929 1723 961 1786 in
979 1722 1111 1787 Daciam
1130 1720 1257 1804 (poema
1274 1722 1380 1805 XVII).
1417 1723 1521 1787 More·

363 1844 436 1891 mur
456 1823 616 1906 paulisper
639 1823 672 1886 in
693 1822 755 1887 hoo
778 1823 927 1888 carmine.
971 1823 1111 1887 Caesura
1131 1841 1247 1904 nempe
1272 1842 1352 1905 pure
1374 1827 1521 1904 terseque

364 1925 474 2008 utique
495 1923 639 1988 adhibita
659 1926 707 1987 est
724 1926 798 2005 post
811 1923 956 2004 quintam
978 1922 1143 2004 syllabam,
1166 1923 1262 1986 semel
1285 1926 1411 1988 tantum
1433 1923 1521 1987 elisio

315 2029 317 2034 ’
365 2025 417 2090 illo
438 2024 507 2088 loco
530 2025 632 2102 extat,
654 2043 684 2086 v.
706 2023 783 2087 210:

617 2123 748 2204 Semper
770 2142 790 2186 a
810 2122 1058 2234 beQd‘Jmffi
1080 2125 1247 2203 negarunt.

446 2267 530 2330 Inter
552 2263 782 2333 vocabulorum
804 2282 879 2327 vero
906 2263 1077 2345 positiones
1105 2263 1243 2328 maxime
1268 2263 1408 2340 elucent,
1439 2275 1523 2344 quae

366 2364 518 2430 adonium
540 2383 667 2428 versum
690 2383 764 2427 curn
780 2363 987 2427 antecedente
1008 2363 1274 2447 hendecasyllabo
1288 2365 1387 2430 artius
1408 2384 1522 2429 conec-

365 2468 438 2529 tunt
455 2462 588 2544 (formae
606 2462 656 2545 Y),
675 2480 780 2544 neque
794 2463 964 2544 quisquam
984 2465 1114 2548 omnino
1131 2464 1198 2552 fuit,
1221 2465 1276 2546 qui
1293 2469 1360 2530 tam
1382 2465 1523 2529 studiose

365 2564 434 2628 illas
463 2566 637 2628 accuraret.
682 2564 793 2644 ltaque
821 2582 932 2626 ornnes
952 2563 1089 2641 formae,
1121 2584 1204 2646 quae
1226 2565 1364 2629 evenire-
1378 2569 1521 2647 possunt,

365 2683 430 2727 non
452 2683 549 2745 parce
570 2664 733 2745 leguntur,
763 2662 907 2744 inprimis
928 2667 1036 2727 autem
1060 2664 1203 2728 conferas
1225 2666 1252 2729 3.
1268 2666 1304 2742 4;
1326 2665 1375 2730 23.
1391 2665 1447 2741 aa
1466 2668 1521 2744 39.

365 2764 422 2840 40³
445 2765 495 2828 55.
511 2765 567 2841 563
592 2764 659 2828 123.
675 2761 732 2840 '943
754 2763 823 2827 283.
840 2763 913 2839 aad,
936 2761 1052 2843 quibus
1074 2761 1246 2842 accedunt,
1269 2764 1323 2847 qui
1345 2766 1429 2830 hano
1450 2786 1522 2848 spe·

367 2870 447 2934 ciem
466 2866 640 2956 ostendunt
663 2866 840 2930 197-200:
1116 2943 1120 2952 .

598 3045 600 3049 Α
627 2965 751 3050 gaudiis
770 2965 862 3031 tellus
881 2964 885 3045 l
903 2965 958 3029 ubi
979 2969 1014 3029 tu
1035 2965 1221 3046 rigentes

627 3067 740 3132 edoces
762 3065 888 3130 Christo
907 3066 910 3146 l
930 3066 997 3130 tera
1019 3065 1100 3129 colla
1120 3064 1189 3130 miti

781 3166 917 3230 subdere
938 3169 1098 3247 gentes,

367 3269 586 3345 etate—216,
607 3268 776 3333 lua—148.
815 3268 921 3349 Atque
937 3270 1022 3331 totus
1041 3266 1217 3330 formarum
1236 3264 1352 3330 harum
1370 3284 1522 3328 numerus

367 3368 519 3451 exemplis
540 3367 677 3434 sedecim
701 3369 822 3432 formae
843 3368 873 3430 A
897 3365 959 3447 (m.
975 3366 1031 3430 28:
1555 3355 1562 3376 ⁹

644 3471 676 3532 et
697 3467 774 3532 levis
793 3467 890 3549 spiret
908 3465 912 3545 l
930 3466 998 3529 sine
1019 3465 1104 3528 nube
1126 3464 1251 3528 siccis

796 3586 876 3630 aura
898 3562 1100 3645 Calabris)

369 3667 500 3732 adiectis
514 3669 725 3748 computatur
746 3667 800 3744 54,
822 3667 883 3730 hoc
903 3670 950 3731 est
970 3685 1073 3748 paene
1094 3661 1213 3736 1:1¹!2.

450 3785 551 3850 Nemo
580 3785 721 3865 profecto
748 3788 810 3861 est,
839 3785 893 3866 qui
915 3783 989 3848 huie
1017 3781 1150 3847 similem
1171 3783 1328 3846 rationem
1358 3783 1521 3864 praebeat

369 3885 433 3950 Sed
449 3884 481 3949 in
496 3883 645 3948 colendas
666 3883 829 3947 formasX
851 3904 924 3948 cum
939 3883 1095 3948 minorem
1118 3881 1312 3964 diligentiam
1333 3881 1524 3963 impenderit

274 3977 275 3982 ’
369 3987 481 4066 poeta,
511 3988 543 4048 et
570 4003 722 4051 uumerus
749 3986 782 4046 et
801 3983 938 4048 varietas
959 3983 1128 4061 minuitur,
1159 3983 1267 4064 itaque
1288 3981 1434 4063 exempla
1460 3983 1524 4047 col-

369 4084 431 4166 legi
451 4084 508 4161 23,
528 4102 665 4165 quorum
685 4103 739 4148 sex
760 4085 893 4148 utuntur
914 4083 976 4147 hac
997 4083 1116 4212 forma,
1137 4084 1185 4147 31.
1203 4083 1258 4146 32:

438 4282 466 4350 1)
482 4279 615 4351 Migne,
634 4277 738 4335 Patrol.
757 4278 804 4334 ut.
824 4278 870 4334 til.
888 4297 935 4350 pg.
952 4277 1012 4334 483.
