3262 5102
923 423 963 488 50

365 608 428 672 Sed
457 605 537 670 aliae
566 622 693 686 quoque
721 604 831 666 extant
857 601 994 678 formae,
1028 619 1108 682 quas
1137 617 1335 682 quamquam
1362 602 1518 668 minorem

364 706 586 772 anctoritatem
606 701 665 765 sibi
685 700 856 782 postulant,
880 699 1131 782 praetermittere
1152 701 1231 764 mihi
1252 721 1317 766 non
1338 703 1428 782 licet,
1449 703 1518 768 dico

362 807 502 889 primum
523 802 662 885 quidem,
684 799 800 883 quibus
821 803 878 864 aut
898 799 987 863 initia
1005 802 1061 863 aut
1082 798 1184 862 exitus
1203 799 1353 864 binorum
1369 822 1518 866 versuum
1614 861 1615 866 ,

363 905 543 970 concinunt.
584 901 667 964 Vero
697 899 860 981 utriusque
890 898 1126 981 compositionis
1155 899 1188 962 in
1214 900 1422 982 asclepiadeis
1447 923 1518 986 per·
1614 887 1615 892 ¹

362 1024 467 1088 pauca
479 1001 624 1083 exempla
635 1000 739 1082 promi
753 1003 894 1081 possunt,
915 1018 992 1064 nam
1009 1000 1156 1080 leguntur
1170 997 1263 1063 Herc.
1284 999 1343 1063 fur.
1361 1001 1432 1079 579,
1444 1002 1518 1065 573:

552 1137 655 1200 0000
676 1117 771 1180 silvas
792 1120 823 1180 et
844 1136 919 1181 aves
938 1116 942 1196 Ι
961 1135 1102 1197 saxaque
1123 1119 1266 1181 traxerat

552 1237 633 1294 000,
657 1237 740 1298 quae
761 1216 954 1313 praebuerat
972 1216 976 1296 Ι
994 1215 1179 1280 fluminibus
1199 1235 1316 1294 morae,

362 1337 457 1402 Herc.
479 1335 549 1399 Oet.
574 1335 641 1412 196,
665 1334 739 1397 197ε

551 1453 613 1516 hac
635 1450 730 1515 ducet
747 1449 885 1532 pecudes
905 1449 908 1530 Ι
928 1469 992 1532 qua
1012 1453 1099 1532 tepet
1120 1416 1307 1515 obrutus'

551 1554 670 1615 stratae
692 1569 775 1632 quae
797 1553 940 1631 superest
959 1548 963 1630 Ι
982 1549 1152 1614 Oechaliae
1176 1549 1298 1627 01010,

362 1669 395 1732 10
416 1667 575 1750 sapphicis
596 1672 704 1732 autem
733 1666 823 1730 initia
846 1665 1017 1730 concinunt
1037 1666 1169 1747 septies,
1199 1665 1300 1730 exitus
1319 1669 1368 1730 ter
1389 1664 1516 1746 (Troad.

364 1769 452 1845 1090,
474 1767 523 1831 91.
552 1766 670 1831 Phadr.
693 1767 762 1843 746,
784 1765 834 1829 47.
863 1765 992 1847 Thyest.
1015 1767 1085 1842 546,
1103 1765 1165 1846 47).
1208 1765 1319 1848 Neque
1342 1764 1517 1828 omittenda

362 1870 410 1931 est
437 1868 540 1930 forma
563 1867 599 1930 lIl
627 1867 660 1930 in
687 1864 894 1929 hemistichiis
925 1866 1097 1942 collocata,
1126 1885 1225 1946 quam
1253 1865 1341 1946 apud
1368 1865 1516 1928 Flaccum

363 1987 490 2049 000000
511 1967 670 2030 interdum
693 1965 875 2042 observavi,
898 1965 1015 2029 Troad.
1038 1965 1115 2028 400:

552 2087 713 2168 tempus
734 2102 791 2146 vos
812 2081 977 2145 avidum
996 2081 1000 2160 Ι
1020 2081 1152 2146 devorat
1172 2084 1203 2144 et
1225 2081 1332 2158 chace,

362 2199 475 2263 Medea
495 2199 571 2262 654:

632 2312 779 2377 omnibus
797 2331 897 2376 vorax
916 2311 920 2391 Ι
938 2312 1017 2376 sibi
1038 2312 1135 2376 falsus
1156 2313 1241 2388 uni;

362 2451 481 2513 parvus
492 2435 539 2494 est
560 2431 776 2512 exemplorum
792 2447 953 2506 00010000,
975 2449 1087 2493 verum
1108 2428 1288 2494 accuratius
1307 2447 1379 2492 eam
1398 2427 1518 2492 0000011

362 2535 458 2613 00010
479 2531 511 2593 10
532 2530 690 2612 prioribus
717 2528 1057 2610 hendecasyllaborum
1078 2528 1238 2610 partibus,
1267 2528 1323 2593 ubi
1343 2527 1449 2609 posita
1473 2529 1518 2588 cst

364 2629 541 2694 duodecies.

444 2747 544 2811 Porro
573 2764 645 2808 curu
675 2743 809 2808 adonius
840 2743 999 2807 rarissime
1030 2743 1197 2807 comitetur
1225 2741 1516 2824 hendecasyllabos

363 2845 500 2922 somnae,
529 2863 612 2926 quae
637 2843 680 2907 ad
708 2862 781 2906 eum
803 2846 964 2924 spectant,
995 2843 1106 2906 crebro
1128 2841 1278 2906 nimirum
1305 2841 1435 2923 prodire
1455 2860 1517 2904 000

362 2949 504 3026 possunt.
554 2944 677 3007 Tamen
706 2962 780 3006 cum
810 2940 966 3006 studuerit
987 2941 1122 3020 Seneca,
1150 2945 1186 3005 ut
1207 2940 1338 3004 vocibus
1367 2941 1517 3005 adonium

364 3047 490 3124 cogeret
511 3063 584 3107 cum
611 3063 704 3106 versu
728 3040 951 3118 antecedente,
982 3060 1047 3105 non
1069 3042 1170 3105 solum
1196 3040 1300 3104 forma
1321 3041 1351 3104 A
1372 3043 1516 3119 occurrit,

363 3148 394 3207 et
415 3143 545 3224 quidem
566 3145 692 3224 qnater,
714 3141 795 3205 Med.
819 3143 893 3218 593,
915 3140 972 3205 94:

587 3260 644 3322 aut
665 3257 755 3325 timet
775 3242 929 3320 mortem:
953 3257 1041 3338 00011
1062 3257 1106 3320 100
1128 3259 1160 3322 10
1181 3259 1293 3341 10000

807 3355 919 3419 obvius
940 3374 1074 3434 enses,

364 3471 402 3535 of.
424 3471 500 3549 693,
522 3471 570 3534 94.
612 3470 749 3534 Phaedr.
772 3471 847 3548 739,
870 3471 920 3534 46.
963 3470 1041 3534 Oed.
1065 3470 1137 3549 199,
1161 3471 1218 3549 93,
1246 3471 1302 3535 sed
1330 3473 1429 3537 etiam
1457 3474 1516 3537 hae

364 3571 486 3635 formae
509 3590 589 3651 quas
611 3570 733 3634 vocabo
754 3568 833 3651 Y1),
857 3573 893 3634 01
914 3569 1031 3635 Troad.
1054 3571 1131 3648 894,
1154 3571 1209 3634 95τ

659 3685 745 3749 misit
765 3685 850 3749 1010
857 3689 947 3750 0100
965 3685 969 3766 Ι
988 3685 1103 3750 Troiae
1123 3686 1222 3750 ruinis

771 3803 837 3849 000
858 3785 954 3848 semel
976 3803 1112 3862 00000,

433 3995 459 4062 l)
477 3995 517 4048 Ex
536 3995 739 4064 comparatione
758 3996 908 4052 formarum
921 3997 955 4061 X,-
973 3993 1072 4066 quibus
1091 3997 1146 4051 duo
1164 3997 1248 4052 verba
1265 3997 1294 4051 in
1312 3997 1386 4052 binis
1398 3999 1518 4053 versibus

363 4080 453 4150 plenia
472 4079 606 4135 collocata
622 4081 822 4150 significantur,
846 4082 943 4136 littera
960 4081 986 4135 Y
1003 4082 1031 4136 10
1052 4085 1191 4152 posterum
1210 4083 1292 4139 liceat
1310 4084 1457 4154 designare
1474 4101 1517 4139 000

364 4165 477 4230 formas,
500 4164 600 4232 quibus
618 4182 671 4220 vox
689 4167 778 4223 altera
796 4170 937 4238 spectatur
959 4167 989 4222 in
1006 4185 1087 4222 versu
1110 4168 1204 4237 aliquo
1221 4169 1359 4238 proximo,
1382 4171 1473 4226 altera
1489 4170 1517 4224 in

364 4249 463 4306 adonio
481 4251 532 4305 aut
547 4249 688 4320 glyconeo.
