3262 5102
683 1265 728 1332 Π.

205 1382 313 1447 Prima
329 1384 470 1465 opusculi
491 1387 582 1465 parte
597 1382 638 1460 ad
654 1384 748 1448 finem
765 1385 919 1465 perducta
934 1384 1196 1465 compositionum
1212 1403 1280 1448 ver-

121 1482 238 1546 borum
260 1483 299 1547 de
314 1484 415 1547 causis
436 1475 639 1565 numerisque
656 1486 800 1567 quaestio
823 1483 1014 1550 instituenda
1029 1487 1090 1559 est3
1112 1484 1168 1548 sed
1186 1488 1280 1547 antea

122 1581 281 1664 inquirere
299 1582 347 1646 fas
368 1587 425 1661 est,
447 1588 603 1666 quantum
623 1583 724 1648 laudis
738 1584 831 1648 tribui
848 1585 945 1666 possit
960 1585 1100 1664 Horatio,
1121 1584 1207 1666 quod
1220 1584 1281 1649 hoc

120 1681 228 1758 modo,
247 1701 310 1745 non
328 1682 389 1746 alio
408 1684 548 1746 carmina
566 1683 750 1748 condiderit.
785 1684 866 1750 Nam
886 1683 1023 1748 dubitari
1038 1687 1152 1764 potest,
1173 1688 1279 1748 utrum

121 1785 227 1862 poeta,
251 1800 443 1862 cumanam
468 1783 517 1847 vel
541 1784 674 1847 alteram
696 1781 830 1847 formam
854 1779 996 1847 versibus
1017 1783 1211 1866 frequentius
1233 1784 1280 1847 in-

122 1883 265 1958 seruerit,
287 1883 463 1947 carminum
483 1883 709 1964 pulchritudini
724 1882 843 1965 aliquid
861 1883 1016 1954 addiderit
1038 1903 1079 1948 an
1098 1884 1201 1965 potius
1223 1883 1280 1946 ad·

121 1982 254 2057 emerit;
276 1998 351 2045 nam
372 1981 445 2047 talia
460 1983 590 2048 artificia
607 1982 699 2047 liceat
720 1983 845 2064 placere
869 1983 1016 2064 debeant,
1037 2002 1147 2048 eorum
1170 2002 1281 2047 cumu-

120 2081 240 2145 latione
267 2082 428 2166 nimiaque
451 2083 651 2148 affectatione
674 2083 782 2147 odium
800 2083 888 2146 facile
907 2088 1055 2148 nascatur
1071 2103 1109 2147 ac
1131 2083 1280 2148 taedium.

120 2180 152 2244 Si
177 2181 199 2261 l,
220 2183 233 2244 1
258 2182 398 2258 affertur,
420 2183 480 2246 hoc
497 2201 624 2246 carmen
643 2183 735 2246 nimis
758 2187 923 2247 oneratum
945 2203 1011 2248 esse
1033 2183 1135 2247 forma
1154 2183 1166 2246 Ι
1185 2201 1280 2246 nemo

121 2284 181 2357 est,
202 2281 257 2362 qui
278 2285 387 2360 neget3
415 2286 448 2345 at
465 2286 577 2346 contra
594 2301 721 2347 carmen
739 2281 786 2359 ΙΙΙ,
805 2284 844 2346 30
868 2285 893 2347 si
912 2284 1089 2365 diligentius
1109 2283 1280 2365 inspicitur,

121 2380 293 2444 verborum
323 2383 565 2464 compositiones
600 2382 642 2446 ibi
671 2380 802 2448 artificio
831 2384 924 2446 nimis
953 2403 1060 2448 carere
1083 2386 1114 2447 et
1142 2383 1279 2468 aptiores

121 2500 191 2544 esse
212 2482 345 2546 orationi
366 2482 486 2546 solutae
508 2502 604 2564 quam
627 2483 783 2564 poematis
805 2503 869 2547 non
899 2484 1023 2548 difficile
1045 2487 1089 2547 est
1112 2481 1280 2546 intellectu.

121 2580 218 2659 Quod
236 2585 272 2644 ut
286 2585 369 2646 recte
384 2601 435 2646 me
452 2583 606 2646 iudicasse
622 2583 676 2646 tibi
691 2584 892 2664 persuadeas,
911 2584 1057 2648 carminis
1074 2584 1139 2646 eius
1155 2585 1279 2664 partem
1340 2629 1343 2636 ‚

121 2682 280 2760 integram
303 2701 475 2763 apponam,
497 2686 591 2746 sunto
614 2702 722 2746 versus
740 2683 833 2746 a-9:
854 2681 957 2762 ‘Quod
978 2702 1043 2747 non
1067 2683 1167 2745 imber
1188 2681 1278 2761 edax,

120 2799 186 2843 non
210 2780 326 2862 Aquilo
348 2783 503 2863 impotens
526 2783 621 2863 possit
643 2783 767 2847 diruere
787 2788 842 2847 aut
865 2783 1102 2847 innumerabilis
1123 2799 1278 2846 annorum

122 2881 220 2944 series
248 2884 280 2944 et
309 2883 383 2961 iuga
412 2885 602 2963 temporum.
653 2883 724 2947 Non
746 2885 846 2948 omnis
870 2886 987 2948 moriar
1012 2883 1176 2964 multaque
1205 2898 1279 2962 pars

94 3031 96 3034 .
122 2980 186 3044 mei
201 2979 312 3044 vitabit
332 2969 516 3062 Libitinam:
539 3002 640 3066 usque
665 3001 723 3062 ego
745 2988 870 3065 postera
890 3003 1028 3048 crescam
1045 2982 1140 3046 laude
1162 2999 1281 3058 recens,
1322 3035 1324 3042 ,

121 3081 200 3144 dum
226 3079 414 3162 Capitolium
437 3082 568 3146 scandet
594 3102 667 3146 curn
695 3084 790 3147 tacita
813 3083 930 3162 virgine
960 3081 1119 3164 pontilex'.
1160 3078 1279 3158 Quodsi
1305 3055 1313 3181 Ι

121 3183 289 3262 praeterea
317 3184 532 3245 commutatur
562 3182 640 3246 ordo
668 3182 838 3247 verborum
866 3180 947 3246 ‘aere
976 3180 1155 3263 perennius’
1182 3183 1308 3284 atque!

120 3285 233 3363 postea
247 3278 410 3362 ‘obstrepit
425 3281 569 3345 Aufidus'
582 3279 732 3362 ‘regnavit
746 3280 1134 3364 populorun1'‘deduxisse
1150 3280 1280 3356 modos',
1304 3285 1308 3352 ξ

120 3379 278 3444 habemus
295 3379 507 3444 laudationem
527 3381 645 3462 gloriae
665 3381 785 3446 Horatii
804 3400 969 3464 nunquam
986 3381 1169 3444 intereuntis
1186 3398 1278 3460 prosa

120 3481 269 3544 oratione
282 3480 362 3543 bene
380 3481 538 3562 scriptam.
579 3479 649 3560 Qua
666 3481 696 3544 in
719 3502 753 3545 re
770 3481 867 3544 verba
882 3482 949 3562 ipsa
967 3500 1034 3544 esse
1051 3480 1185 3562 poetica,
1205 3479 1279 3542 item
1300 3490 1303 3499 ·

120 3579 356 3660 expressionem
378 3599 570 3662 sensumque
593 3582 623 3643 et
645 3582 784 3661 poeticas
805 3561 916 3644 adesse
937 3580 1056 3661 figuras
1079 3578 1156 3642 nihil
1177 3576 1280 3658 refert,

120 3698 198 3746 cum
220 3678 307 3742 nulla
329 3679 391 3743 alia
408 3679 447 3743 de
470 3700 502 3742 re
521 3683 607 3742 nunc
625 3683 739 3759 agatur
759 3681 816 3745 nisi
833 3681 873 3745 de
889 3680 1058 3744 verborum
1080 3679 1279 3760 compositio·

120 3779 226 3843 nibus.
278 3838 282 3845 .

206 3877 241 3940 ln
264 3878 465 3943 diiudicando
487 3881 616 3944 omnino
643 3881 819 3944 carminum
843 3880 941 3960 pretio
962 3879 1063 3942 redire
1081 3876 1218 3941 solemus
1238 3875 1299 3938 ad·

119 3977 259 4056 Augusti
276 3980 454 4059 temporum
473 3983 581 4060 poetas
599 3979 760 4060 elegiacos,
784 3977 918 4059 quisine
934 3978 1030 4041 dubio
1051 3977 1280 4058 elegantissime

120 4077 305 4158 optimeque
327 4077 358 4139 in
380 4078 572 4142 carminibus
592 4077 768 4160 pangendis
785 4081 908 4154 versati,
931 4077 1092 4160 quomodo
1110 4076 1279 4158 praecipue

119 4195 232 4240 versus
261 4181 507 4254 exornarentur,
544 4178 629 4241 haud
664 4180 898 4260 ignoraverunt.
950 4177 1152 4259 Quamquam
1186 4175 1280 4254 igitur

119 4279 209 4342 totus
225 4280 400 4360 apparatus
419 4279 557 4359 poeticus
578 4281 646 4343 erat
665 4297 775 4343 eorum
792 4280 822 4344 in
841 4278 996 4354 manibus,
1019 4293 1058 4341 ne
1080 4275 1279 4357 compositio-
