3262 5102
877 494 916 557 74

319 670 522 738 recordamur
538 671 672 747 Paulini,
695 670 871 750 Claudiani,
892 673 1091 754 Asclepiadii,
1115 674 1169 756 qui
1191 672 1303 738 similia
1320 673 1351 736 in
1370 674 1479 737 verbis

319 769 546 853 componendis
569 770 771 833 ostenderint.

800 953 991 962 -....--—..

399 1062 487 1125 Haec
507 1062 641 1125 dicenda
661 1062 735 1126 mihi
756 1049 848 1125 erant
868 1063 908 1126 de
935 1082 993 1126 usu
1015 1066 1046 1126 et
1074 1063 1196 1126 ratione
1217 1082 1281 1143 qua
1302 1063 1477 1126 verborum

318 1162 561 1244 compositiones
577 1161 763 1243 figuraeque
779 1161 956 1225 rhetoricae
973 1161 1134 1225 adhibitae
1153 1162 1224 1240 sint,
1242 1181 1326 1244 quae
1343 1162 1475 1244 quidem

319 1266 487 1325 occurrunt
518 1263 560 1325 ab
594 1261 682 1324 initio
713 1261 889 1325 litterarum
925 1262 998 1325 inde
1028 1261 1070 1325 ad
1101 1262 1219 1325 exitum
1251 1261 1365 1326 saeculi
1401 1265 1477 1344 post

278 1363 281 1370 '
318 1359 391 1424 Clu.
413 1379 442 1424 n.
465 1361 552 1424 sexti.
681 1443 684 1448 ⁴

399 1460 461 1524 Sed
490 1461 553 1524 iam
583 1461 624 1523 ad
654 1459 773 1522 exitum
804 1459 947 1541 quaestio
976 1460 1061 1523 venit
1090 1479 1194 1541 neque
1222 1462 1319 1523 restat
1351 1461 1409 1522 nisi
1439 1465 1477 1523 ut

318 1561 452 1624 breviter
473 1559 797 1641 comprehendamus,
825 1578 909 1640 quae
935 1558 1179 1635 observavimus,
1221 1559 1333 1636 ltaque
1359 1563 1477 1640 poetae

318 1660 392 1722 olim
421 1660 563 1724 Lesbiaci
592 1679 664 1724 cunr
697 1679 823 1724 summa
856 1663 924 1722 arte
953 1677 1143 1740 summoque
1172 1659 1299 1738 ingenio
1331 1660 1476 1723 carmina

317 1761 505 1837 conderent,
527 1761 789 1841 compositionum
813 1760 930 1823 formas
954 1758 1016 1822 lere
1035 1777 1092 1840 pro
1115 1757 1212 1821 nihilo
1236 1758 1393 1821 duxerunt
1414 1777 1476 1822 nec

317 1879 481 1925 caesuram
515 1865 600 1924 certo
632 1860 700 1923 loco
732 1860 877 1924 fixerunt,
928 1857 1069 1922 Catullus
1101 1877 1176 1921 vero
1208 1857 1337 1939 paulurn
1371 1859 1478 1921 acrius

317 1960 519 2041 severiusque
540 1963 571 2022 et
595 1978 745 2024 caesurae
766 1963 797 2022 et
819 1958 877 2022 illis
899 1958 1004 2022 formis
1027 1958 1162 2037 studuit,
1191 1957 1341 2020 Horatius
1365 1960 1476 2020 autem

316 2062 437 2141 primus
465 2059 596 2123 induere
618 2079 727 2122 versus
749 2079 822 2122 suos
845 2077 915 2122 eam
945 2058 1079 2138 speciem
1101 2058 1204 2135 iussit,
1233 2075 1332 2138 quam
1361 2055 1392 2119 in
1416 2075 1477 2136 po-

316 2165 434 2222 sterum
454 2177 515 2221 non
540 2159 604 2222 iam
626 2160 808 2223 amiserunt.
851 2160 1002 2222 Attamen
1022 2156 1181 2220 versiculis
1203 2175 1241 2219 ea
1262 2154 1388 2219 vincula
1407 2175 1476 2219 non

316 2259 480 2340 imposuit,
511 2259 626 2340 quibus
647 2258 768 2338 Seneca
790 2262 820 2322 et
842 2257 961 2321 Statius
991 2276 1044 2321 eos
1065 2256 1309 2343 mandaverunt.
1351 2254 1478 2331 Quam-

315 2359 424 2422 obrem
446 2359 574 2435 lormae‚
598 2378 680 2441 quae
698 2360 730 2422 in
748 2357 851 2422 Flacci
870 2358 1061 2422 carminibus
1079 2357 1228 2437 vigebant
1251 2360 1282 2419 et
1304 2353 1473 2429 florebant,

315 2459 344 2520 in
368 2459 425 2521 illis
447 2459 542 2522 etiam
565 2458 727 2540 spissiores
750 2458 907 2538 leguntur,
949 2457 1088 2522 (laesura
1110 2475 1184 2519 vero
1205 2454 1338 2518 simulac
1360 2452 1475 2516 eodem

314 2578 439 2640 semper
466 2559 534 2622 loco
555 2560 661 2622 vincta
692 2563 756 2635 est,
785 2577 951 2640 nunquam
981 2561 1092 2640 postea
1122 2556 1262 2618 nativam
1293 2553 1473 2616 libertatern

315 2659 527 2740 recuperavit,
554 2678 628 2721 nam
652 2662 715 2722 tres
737 2677 859 2734 versus,
886 2658 939 2741 qui
962 2657 1166 2741 reperiuntur
1185 2655 1270 2738 apud
1294 2653 1473 2716 Ausonium

314 2759 343 2832 l,
366 2759 420 2834 23,
441 2758 613 2824 Luxurium
635 2759 712 2836 294,
736 2759 765 2836 8,
788 2759 961 2842 Sulpicium
981 2758 1007 2838 l,
1034 2760 1047 2820 1
1073 2758 1166 2821 aliarn
1190 2755 1237 2818 vel
1261 2753 1380 2816 nullam
1402 2771 1474 2815 cae-

315 2876 420 2920 suram
440 2857 634 2934 exhibentes,
652 2861 718 2922 tam
736 2860 830 2940 pauci
847 2863 931 2935 suut,
949 2862 984 2922 ut
1000 2859 1084 2922 hanc
1099 2857 1200 2935 legem
1219 2873 1283 2917 non
1301 2852 1428 2916 deleant
1439 2852 1472 2927 ¹).

395 2957 516 3020 Formis
534 2961 651 3036 autem,
673 2977 753 3039 quas
768 2978 823 3041 per
840 2962 939 3022 totam
957 2957 1205 3037 disputationem
1225 2954 1332 3034 utique
1355 2954 1474 3013 tracta-

315 3058 426 3128 vimus,
438 3057 560 3134 accidit,
579 3062 613 3120 ut
624 3058 777 3139 paulatim
793 3059 892 3138 magis
907 3057 1072 3139 magisque
1083 3055 1309 3119 minuerentur.
1337 3048 1476 3112 Formal

314 3156 440 3238 quidem
463 3155 530 3218 sola
552 3157 583 3220 in
605 3158 785 3222 universum
798 3158 934 3222 servavit
948 3157 1085 3221 eundem
1100 3173 1204 3232 usum,
1228 3155 1350 3215 ceterae
1364 3152 1474 3211 autem

314 3256 496 3320 deminutae
509 3259 592 3337 sunt,
614 3256 669 3320 sed
688 3257 742 3333 ita,
764 3262 798 3321 ut
814 3261 981 3340 poetarum
998 3254 1179 3321 alteralteri
1196 3250 1353 3314 interdum
1373 3248 1476 3327 magis

313 3357 442 3432 faveret,
460 3356 546 3421 velut
563 3358 684 3422 formae
700 3357 727 3422 Y
742 3358 894 3422 Paulinus
908 3357 1059 3433 Nolanus,
1077 3355 1199 3417 formae
1215 3350 1253 3413 lll
1268 3349 1473 3413 Claudianus.

313 3457 398 3520 ldem
428 3457 564 3538 pertinet
591 3457 632 3521 ad
664 3459 862 3540 anaphoram
893 3461 924 3521 et
951 3456 1145 3528 chiasmum,
1174 3451 1229 3514 sed
1257 3451 1317 3514 hae
1344 3466 1473 3530 quoque

312 3557 432 3638 figurae
452 3577 518 3620 non
546 3557 606 3620 nisi
635 3576 812 3639 paucorum
835 3560 1001 3640 poetarum
1031 3552 1181 3634 singulari
1209 3571 1286 3614 cura
1312 3550 1472 3627 fruuntur,

312 3657 382 3720 dico
404 3657 545 3734 Paulini,
573 3657 754 3740 Claudiani,
785 3657 921 3722 maxime
943 3652 1141 3735 Asclepiadii.
1188 3651 1331 3732 Denique
1359 3650 1473 3730 poetas

311 3756 466 3836 singulos,
496 3777 575 3839 quos
597 3758 734 3822 maxime
756 3758 831 3822 artis
851 3758 996 3820 auctores
1023 3752 1121 3815 secuti
1143 3753 1205 3815 sint
1228 3749 1259 3816 et
1279 3752 1409 3827 imitati,
1436 3753 1471 3816 in

311 3857 525 3937 superioribus
548 3857 624 3921 satis
644 3858 816 3922 excussisse
838 3856 910 3919 mihi
933 3855 1050 3917 videor.

313 3965 503 3975 ᾖ...-

381 4003 405 4071 1)
426 4003 490 4058 Luc.
508 4003 664 4059 Mueller
681 4004 715 4060 de
733 4020 762 4059 re
781 4005 859 4057 metr.
879 4018 924 4070 pg.
944 3999 994 4053 205
1013 3997 1128 4067 Sulpicii
1147 4017 1252 4054 versum
1273 4003 1373 4057 omisit.

743 4219 1031 4232 --..—--.—-
