3262 5102
914 467 955 530 Μ
1314 407 1335 455 ἑ

436 649 503 712 lam
519 665 602 723 vero,
624 644 711 724 quod
726 645 810 708 idern
825 645 858 708 in
876 646 1082 728 asclepiadeis
1097 650 1128 710 et
1142 644 1302 725 sapphicis
1316 645 1437 710 facturn
1455 652 1513 726 est,

355 748 485 830 plenum
496 765 625 810 carmen
634 745 845 822 ostendemus,
857 762 920 824 quo
929 745 1010 809 ratio
1019 746 1282 826 compositionum
1293 755 1510 830 cognoscatur.

882 877 912 955 Ι,
936 877 982 940 17.

546 993 643 1057 Velox
664 1011 879 1057 amoenum
898 1001 903 1072 1
921 1013 1016 1074 saepe
1037 995 1286 1062 Lucretilem

542 1093 645 1157 Mutat
665 1092 790 1174 Lycaeo
808 1091 812 1172 Ι
831 1093 960 1158 Faunus
981 1097 1013 1157 et
1035 1095 1158 1174 teneam

581 1192 728 1256 Defendit
748 1197 898 1256 aestatem
920 1194 1095 1274 capellis

613 1285 722 1374 Usqu'e
743 1292 843 1355 meis
863 1291 1050 1374 pluviosque
1072 1299 1191 1360 ventos.

546 1427 667 1506 lnpune
688 1427 793 1488 tutum
812 1423 817 1502 1
835 1443 893 1504 per
912 1443 1026 1488 nemus
1048 1426 1220 1491 arbutos

543 1525 709 1604 Quaerunt
731 1524 913 1587 latentes
932 1524 987 1614 lel
1008 1525 1122 1606 thyma
1145 1527 1251 1590 device

581 1625 744 1689 Olentis
765 1643 878 1687 uxores
900 1623 1068 1702 mariti‚‘

612 1721 681 1788 Neo
703 1723 824 1788 virides
846 1726 994 1787 metuunt
1015 1725 1159 1790 colubros

544 1854 612 1935 Ποῦ
633 1856 850 1920 Martiales
869 1855 874 1933 1
892 1855 1057 1920 Haediliae
1078 1857 1198 1938 lupos

544 1957 725 2038 Utcumque
748 1956 874 2032 dulci,
894 1955 899 2034 Ι
917 1955 1074 2037 Tyndari,
1096 1957 1242 2024 fistula

582 2057 686 2120 Valles
707 2059 738 2120 et
759 2055 886 2120 Usticae
908 2055 1053 2118 cubantis

612 2157 737 2220 Levia
759 2174 951 2237 personuere
975 2155 1107 2218 saxa·

545 2289 591 2352 Di
611 2307 664 2351 me
683 2291 828 2365 tuentur,
848 2287 852 2367 1
872 2286 934 2350 dis
954 2286 1056 2367 pietas
1077 2306 1150 2350 mea

544 2388 584 2452 Et
605 2389 695 2452 Musa
716 2387 841 2451 cordist.
862 2385 866 2466 Ι
885 2383 947 2450 Hie
968 2386 1026 2450 tibi
1046 2386 1138 2468 copia

580 2488 723 2552 Manabit
744 2487 786 2551 ad
806 2487 938 2568 plenum
960 2486 1140 2567 benigno

613 2589 709 2652 Ruris
733 2589 893 2652 honorum
915 2585 1066 2668 opulenta
1089 2606 1224 2650 cornu.

543 2717 606 2784 Hio
629 2721 662 2783 in
684 2720 817 2784 reducta
835 2718 839 2798 1
859 2719 941 2783 valle
964 2717 1135 2782 Caniculae

543 2820 665 2885 Vitabis
686 2823 808 2898 aestus,
828 2820 833 2899 1
851 2824 883 2883 et
902 2817 965 2883 fide
987 2818 1065 2882 Teia

579 2920 671 2984 Dices
689 2920 872 2984 laborantes
894 2919 926 2982 in
949 2938 1014 2981 uno

613 3019 794 3100 Penelopen
816 3018 1016 3098 vitreamque
1038 3015 1160 3091 Circen3

543 3147 605 3213 llio
629 3150 866 3214 innocentis
885 3149 889 3229 1
908 3149 1024 3230 pocula
1044 3147 1181 3210 Lesbii

544 3251 647 3314 Duces
669 3251 883 3334 subdiunbra
903 3249 907 3329 1
926 3268 985 3312 nec
1007 3247 1235 3311 Semeleius

580 3349 660 3413 Cum
681 3349 783 3413 Marte
804 3347 977 3412 contundet
999 3345 1220 3426 Thyoneus
1278 3341 1280 3345 ’

615 3449 755 3527 Proelia,
778 3469 837 3514 nec
858 3452 980 3512 metues
995 3450 1180 3528 protervum

547 3580 701 3662 Suspecta
725 3581 859 3664 Cyrum,
879 3580 884 3659 1
902 3599 942 3644 ne
965 3579 1049 3642 male
1070 3576 1190 3658 dispari

546 3680 863 3746 lncontinentes
882 3680 887 3759 1
906 3679 1014 3744 iniciat
1035 3697 1179 3742 manus

581 3779 620 3844 Et
641 3781 765 3846 scindat
785 3781 971 3846 haerentem
994 3798 1147 3843 coronam

617 3880 764 3946 Crinibus
786 3879 1031 3962 inmeritamque
1052 3882 1182 3942 vestem.
