3262 5102
304 411 325 455 c

691 471 731 534 13

130 647 170 710 cf.
193 645 334 710 eiusdem
355 644 503 708 carminis
524 667 552 709 ν.
575 649 615 712 10
635 652 667 712 et
687 649 743 724 aa
778 668 816 711 ac
837 651 1002 727 quaerenti
1032 651 1088 714 tibi
1109 651 1284 714 eiusmodi

130 746 230 810 etiam
250 743 343 824 plura
361 748 537 806 occurrent.

214 841 277 904 Sed
308 839 441 920 paulum
478 861 640 906 moremur
680 845 712 906 in
751 843 954 925 respiciendis
987 843 1129 910 versibus
1158 843 1171 905 Ι
1201 844 1285 906 etll

130 939 283 1020 strophae
298 937 445 1014 alcaicae,
465 957 536 1001 cum
554 939 617 1002 iarn
635 943 731 1003 restet
748 941 964 1022 contemplari,
985 942 1158 1020 quomodo
1175 961 1285 1006 eorum

129 1036 221 1101 initia
243 1035 407 1112 exitusque
430 1055 463 1116 se
482 1035 633 1100 habeant.

213 1134 253 1197 Et
272 1133 361 1196 initia
381 1132 529 1196 binorum
551 1154 716 1211 versuum,
739 1151 821 1213 quae
843 1136 875 1197 in
897 1133 1103 1216 asclepiadeis
1125 1136 1188 1200 lere
1209 1157 1284 1199 nus-

128 1251 245 1312 quam,
276 1250 349 1294 raro
371 1231 403 1293 in
425 1231 585 1312 sapphicis
608 1232 794 1309 concinmrt,
824 1233 959 1297 eandem
980 1234 1152 1313 imaginem
1181 1235 1214 1298 in
1239 1236 1284 1299 al·

127 1331 224 1395 caiois
246 1327 416 1410 praebent,
446 1348 522 1392 nam
549 1347 700 1392 nanterus
729 1329 947 1410 exemplorum
975 1333 1022 1393 est
1048 1350 1118 1409 sex,
1148 1348 1284 1412 quorum

130 1429 231 1493 affero
252 1427 293 1504 ΙΙ,
318 1427 350 1502 1,
373 1426 495 1490 111311

349 1523 448 1602 Quis
470 1543 535 1586 non
556 1525 669 1589 Latino
688 1524 693 1602 l
712 1525 866 1606 sanguine
886 1524 1034 1606 pinguior

348 1621 523 1702 Campus
543 1622 716 1703 sepulcris!
735 1622 834 1703 impia
854 1623 984 1703 proelia.

127 1721 253 1798 reliqua
274 1723 348 1782 sunt
369 1719 404 1796 Π,
430 1719 477 1796 14,
500 1719 734 1797 rurs-111,
757 1721 807 1797 29,
833 1721 994 1784 1415-
1019 1722 1065 1799 17,
1088 1723 1283 1802 a7-lv,

127 1822 159 1897 4,
183 1820 307 1883 19-
332 1819 378 1896 14,
401 1820 449 1883 33.
466 1819 515 1883 34.

212 1917 331 1980 Contra
356 1918 498 1980 exituum
519 1915 770 1995 concinentium,
793 1917 848 1998 qui
869 1917 979 1996 utique
1004 1919 1285 2001 onmino'spissius

127 2015 263 2096 implent
284 2016 444 2094 carmina,
474 2035 514 2078 ne
535 2015 568 2077 in
591 2013 717 2077 alcaicis
738 2015 867 2093 quidem
897 2035 1049 2080 nmnerus
1071 2017 1283 2095 imminuitur;
1319 2091 1322 2101 k
1370 2043 1407 2098 a,

63 2107 68 2114 ’
128 2113 325 2176 adhibentur
347 2114 432 2177 enim
453 2112 557 2176 decies
579 2111 679 2174 sexies
700 2109 728 2191 (1
747 2134 754 2175 :
772 2112 832 2194 10),
856 2114 893 2176 cf.
917 2114 938 2191 l,
962 2117 990 2191 o,
1013 2114 1061 2177 21.
1078 2116 1133 2179 bd:
1302 2104 1346 2166 ot·
1391 2104 1408 2149 l*

370 2209 463 2274 Nunc
484 2212 516 2273 et
537 2209 664 2273 latentis
683 2210 686 2290 1
705 2211 849 2291 proditor
869 2211 1015 2274 intimo
1278 2216 1283 2224 '
1310 2201 1336 2287 ,t

370 2307 487 2379 Gratus
507 2306 632 2387 puellae
650 2307 655 2388 1
673 2307 755 2370 risus
777 2308 818 2371 ab
841 2310 1000 2389 angulo.
1299 2292 1304 2300 ⁶

127 2406 340 2470 adnumeravi
361 2425 471 2469 versus
498 2406 654 2470 secundos
675 2410 706 2470 et
727 2407 852 2486 tertios,
882 2409 1063 2488 quicunque
1084 2407 1129 2472 ita
1158 2408 1284 2471 conclu-

128 2505 260 2568 duntur.

212 2601 266 2664 Ad
286 2605 463 2666 extremum
483 2639 522 2646 -
542 2602 607 2666 iam
628 2603 713 2667 enim
735 2624 776 2668 ne
797 2604 986 2684 defatigetur
1007 2603 1105 2680 lector
1120 2622 1230 2666 vereor
1245 2638 1284 2646 —

127 2701 268 2764 formam
289 2700 354 2763 iarn
374 2701 534 2778 adferam,
563 2718 628 2781 qua
648 2703 904 2785 hendecasyllabi
930 2706 1066 2780 utraque
1087 2715 1284 2781 persaeque

126 2801 287 2862 tractatur
308 2801 404 2876 atque
425 2802 510 2862 totus
532 2820 657 2877 verene,
684 2821 758 2866 cum
778 2802 810 2866 in
830 2821 868 2864 ea
893 2801 957 2863 duo
978 2798 1135 2863 vocabula
1154 2818 1285 2880 respon·

128 2896 239 2960 dentia
261 2895 348 2959 aliud
370 2894 432 2976 (vel
454 2895 528 2978 alia)
551 2898 716 2963 includant
737 2919 775 2963 ac
797 2899 958 2979 saepiam,
979 2901 1015 2962 ut
1036 2899 1065 2975 l,
1087 2900 1123 2975 9,
1148 2898 1202 2961 13:

305 2995 409 3073 Quid
430 2997 471 3061 sit
492 2997 698 3077 futurum!
718 3018 788 3062 cras
808 2999 881 3078 suge
903 3014 1056 3077 quaerere
1078 2999 1110 3060 et

379 3195 493 3259 Madus
513 3198 642 3260 venenis
661 3197 664 3276 1
684 3198 775 3277 quis
794 3197 911 3280 poterit
931 3196 1038 3260 deus.

128 3291 196 3357 Sed
217 3291 297 3354 haec
320 3290 422 3356 forma
444 3293 577 3358 Horatio
604 3315 700 3359 curae
721 3316 841 3377 parvae
863 3298 936 3375 fuit,
966 3315 1042 3359 narn
1064 3295 1218 3374 usurpata
1239 3295 1286 3354 est

129 3388 237 3452 decies
257 3389 354 3453 octies
376 3389 550 3472 (1:28112).

214 3505 356 3583 Denique
396 3507 593 3586 pronominis
621 3506 821 3588 ‘quicunque'
858 3509 1052 3589 singularem
1084 3525 1193 3582 usum,
1231 3503 1285 3582 qui

129 3605 230 3668 etiarn
252 3603 338 3684 apud
361 3603 439 3667 alios
460 3609 573 3686 poetas
595 3595 803 3688 (Terentium)
825 3607 1057 3688 scriptoresque
1075 3599 1284 3684 (Ciceronem)

129 3719 365 3781 nonnunquam
395 3704 570 3781 invenitur,
608 3705 682 3768 huic
709 3707 909 3786 potissimum
936 3703 1113 3784 quaestioni
1149 3702 1285 3767 inserere

128 3801 227 3865 velim
244 3821 316 3864 earn
336 3802 377 3865 ob
396 3822 473 3879 rem,
490 3803 565 3880 quia
582 3803 668 3865 vocis
686 3806 793 3883 partes
810 3802 883 3882 ‘qui'
903 3807 934 3866 et
948 3800 1092 3880 ‘cunque'
1108 3801 1140 3863 in
1159 3797 1286 3862 alcaicis

129 3901 180 3964 bis
202 3901 245 3964 ad
265 3900 502 3965 similitudinem
523 3901 644 3964 formae
664 3901 690 3963 Π
712 3906 786 3965 sunt
807 3900 995 3976 collocatae,
1021 3900 1051 3977 l,
1073 3901 1108 3976 9,
1134 3897 1187 3962 14;

315 4000 437 4078 Quem
457 3998 521 4061 fors
542 3999 666 4062 dierum
685 3998 689 4078 1
708 4014 867 4077 cunque
888 3998 987 4075 dabit,
1009 3997 1097 4060 lucro

129 4101 164 4163 et
176 4099 199 4176 I,
217 4099 264 4175 16,
276 4097 304 4160 1.
331 4096 447 4160 Versus
462 4115 537 4160 vero
549 4097 572 4175 l,
587 4098 615 4173 6,
629 4098 647 4161 3
662 4097 729 4174 etl,
744 4097 794 4174 27,
809 4098 847 4160 14
862 4097 987 4160 adrem
1001 4113 1067 4158 non
1080 4092 1240 4174 pertinent
1250 4088 1283 4171 ¹).
1352 4083 1356 4102 '

201 4295 226 4362 l)
244 4291 353 4356 Neue,
371 4289 562 4348 Formenlehre
580 4289 627 4344 der
645 4289 740 4345 latein.
758 4290 878 4363 Spraobe
896 4289 944 4356 11¹,
963 4307 989 4361 p.
1009 4289 1068 4344 240.
