3262 5102
912 397 979 476 oo'

437 596 559 674 Quibus
576 594 616 658 de
632 592 742 656 formis
758 593 779 669 Ι,
795 592 845 668 Ι·,
868 592 904 669 ΙΙ,
924 591 973 667 ΙΙΙ,
990 592 1044 654 111·
1064 610 1161 672 supra
1177 593 1225 654 est
1240 593 1358 667 action,
1379 587 1512 652 eaedem

356 699 389 761 in
409 716 468 760 usu
490 698 565 758 sunt
592 691 625 753 in
646 691 788 754 versibus
809 688 994 752 Alcaicis
1008 689 1047 768 ¹);
1077 689 1230 752 nonnulla
1259 688 1409 752 addenda
1437 692 1512 752 sunt

356 795 395 856 de
417 791 526 856 formis
547 790 584 853 X.
627 789 738 865 ltaque
763 785 901 848 varietas
922 787 1068 864 quamvis
1089 786 1129 850 sit
1149 805 1282 865 magna,
1310 791 1421 850 tamen
1441 807 1511 850 om·
1619 799 1620 828 ³

281 963 285 970 ,
356 891 453 955 nibus
474 889 558 951 duae
576 886 628 949 hic
649 885 771 948 tonnae
785 883 987 959 antecedunt,
1010 884 1042 948 id
1063 886 1150 964 quod
1163 905 1228 948 non
1246 884 1332 948 cadit
1351 884 1384 947 in
1402 905 1512 947 versus
1619 889 1620 900 ¹

239 965 308 1073 ‘b‘
356 986 571 1070 asclepiadeos
603 980 851 1064 sapphicosque3
890 985 964 1045 sunt
995 986 1102 1046 autern
1130 983 1208 1045 hae:
1243 983 1348 1063 prima
1381 982 1510 1060 quidem
1619 1011 1620 1016 1

280 1076 283 1084 ’
356 1087 471 1167 legitur
492 1101 546 1160 ea,
574 1084 611 1143 ut
633 1079 734 1142 altera
759 1097 821 1141 vox
848 1079 1017 1143 collocetur
1038 1079 1070 1142 in
1095 1080 1183 1144 initio
1210 1079 1392 1161 posterioris
1412 1080 1511 1161 partis

355 1205 465 1249 versus
487 1179 669 1255 cuiusdam,
698 1177 798 1240 altera
825 1178 858 1241 in
881 1178 969 1242 initio
996 1179 1093 1243 totius
1113 1199 1236 1257 versus,
1267 1179 1322 1258 qui
1352 1180 1510 1257 sequitur;

357 1282 538 1363 exemplum
559 1276 715 1360 praebent
733 1275 755 1350 l,
775 1277 804 1351 9,
828 1277 948 1340 17.18;

581 1376 688 1439 Donec
711 1372 825 1436 virenti
844 1374 848 1452 l
867 1373 1047 1436 canities
1068 1374 1159 1438 abest

582 1473 751 1536 Morosa.
793 1469 1279 1554 Nuncetlcampusetareae
1619 1513 1620 1558 ;

357 1573 389 1634 id
411 1570 497 1650 quod
519 1573 568 1634 ter
590 1569 694 1633 decies
715 1567 882 1632 invenitur.
925 1569 1034 1632 Altera
1056 1589 1131 1632 vero
1154 1569 1257 1633 lomna
1275 1569 1371 1632 etiam
1386 1569 1513 1651 saepius

356 1673 511 1751 usurpata
542 1670 590 1730 est
622 1665 718 1729 haec:
754 1667 854 1730 altera
886 1687 948 1730 vox
978 1667 1139 1730 concludit
1168 1671 1272 1730 totum
1301 1687 1430 1732 versum
1458 1673 1513 1750 qui

276 1813 278 1820 η
358 1769 533 1845 antecedit,
555 1767 655 1831 altera
673 1766 812 1846 priorem
832 1773 956 1850 partem
977 1786 1087 1830 versus
1109 1765 1175 1830 eius
1196 1767 1251 1844 qui
1273 1769 1429 1848 sequitur,
1451 1772 1512 1836 hoc

356 1866 469 1929 modo:
490 1866 513 1944 Ι,
537 1865 584 1941 16,
607 1867 635 1928 9.
653 1864 700 1927 10.

580 1961 699 2027 Tristes
720 1965 756 2025 ut
777 1962 851 2039 irae,
871 1961 875 2040 1
895 1978 974 2039 quas
995 1978 1099 2040 neque
1117 1959 1291 2025 Noricus

575 2061 719 2124 Deterret
739 2060 849 2124 ensis
868 2059 872 2138 l
890 2079 949 2122 nec
970 2079 1060 2123 mare
1080 2059 1281 2140 naubagnm.

356 2155 560 2238 Quantopere
581 2161 677 2238 poeta
698 2157 811 2219 foverit
830 2157 915 2219 hanc
938 2157 1213 2238 compositionem,
1244 2157 1445 2238 cognoscitur
1465 2177 1512 2232 eo,

356 2254 443 2332 quod
473 2254 618 2335 exempla
647 2255 686 2316 36
717 2252 745 2334 (1
763 2275 771 2316 ε
786 2251 859 2334 ills)
889 2253 1002 2316 afferre
1027 2274 1166 2336 possum.
1213 2255 1342 2320 Ceteras
1371 2254 1512 2332 alioquin

356 2352 476 2416 formas
498 2352 527 2415 X
549 2352 689 2432 singulas
710 2369 897 2415 enumerare
918 2352 1049 2432 longum
1071 2356 1127 2429 est,
1149 2352 1182 2415 in
1203 2369 1267 2416 uno
1286 2355 1473 2416 tractentur.

446 2467 508 2530 Sed
527 2467 553 2530 si
568 2466 702 2545 quaeris,
724 2485 802 2528 num
820 2469 926 2530 extent
947 2467 1067 2530 formae
1083 2466 1156 2530 hnic
1172 2471 1335 2552 systemati
1352 2472 1510 2552 propriae,

354 2582 432 2628 sane
453 2565 549 2628 etiam
570 2564 650 2628 tales
671 2565 859 2648 occurrunt,
880 2579 962 2641 quae
983 2564 1112 2641 quidem
1133 2572 1277 2649 spectent
1297 2568 1339 2632 ad
1360 2568 1513 2651 strophae

355 2662 483 2727 tertium
506 2680 633 2725 versum
656 2663 687 2724 et
706 2664 866 2738 quartum.
908 2661 1055 2726 Proxime
1083 2670 1191 2729 autem
1219 2667 1254 2729 hi
1281 2686 1392 2729 versus
1421 2686 1512 2730 acce-

355 2760 436 2824 dunt
447 2759 489 2823 ad
503 2759 683 2841 systematis
698 2758 887 2841 asclepiadei
900 2761 1005 2839 quarti
1020 2763 1262 2844 pherecrateum
1277 2768 1309 2826 et
1322 2763 1511 2846 glyconeum

354 2857 503 2939 strophas
531 2857 573 2920 ad
595 2856 713 2920 exitum
740 2858 957 2937 perducentes.
1006 2860 1115 2939 ltaque
1146 2882 1220 2925 cum
1247 2863 1418 2941 utrobique
1445 2863 1511 2926 bini

352 2977 464 3023 versus
485 2957 645 3020 breviores
673 2955 845 3020 succedant
867 2957 1077 3038 longioribus,
1106 2961 1203 3024 etiam
1223 2963 1395 3026 verborum
1424 2983 1510 3026 com-

354 3054 525 3137 positiones
550 3052 720 3134 utrobique
745 3053 788 3118 ad
816 3055 1052 3120 similitudinem
1077 3057 1190 3121 deduci
1218 3063 1424 3125 manifestum
1453 3065 1509 3124 est.

354 3151 469 3216 Statim
498 3168 580 3229 quae
609 3151 671 3216 sint
699 3151 885 3217 videbimus.
935 3154 967 3218 Si
998 3156 1082 3219 enim
1110 3176 1220 3220 eorum
1250 3159 1340 3222 initia
1367 3159 1510 3239 finesque

353 3249 580 3326 observaveris
601 3267 696 3330 saepe
720 3269 758 3312 ea
779 3249 860 3314 inter
883 3271 915 3316 se
936 3254 1126 3335 respondere
1149 3256 1304 3332 invenies;
1328 3257 1419 3321 initia
1440 3258 1510 3336 qui-

354 3347 428 3411 dem
451 3366 618 3426 versuum,
639 3361 722 3424 quae
744 3346 806 3412 hac
828 3349 931 3430 specie
953 3353 1099 3428 utantur,
1121 3351 1159 3414 cf.
1181 3352 1223 3429 ΙΙ,
1249 3355 1302 3432 11,
1325 3355 1354 3418 7.
1369 3357 1405 3419 8:

652 3445 842 3510 Pellente
863 3447 995 3512 lascivos
1017 3469 1141 3514 amores

651 3541 817 3608 Canitie
838 3544 1024 3627 facilemque
1045 3568 1202 3613 somnum.

354 3657 431 3704 sane
454 3657 559 3721 pauca
586 3641 677 3716 sunt,
708 3643 817 3706 extant
838 3641 921 3704 enim
944 3643 972 3720 7,
1001 3645 1102 3709 exitus
1130 3665 1205 3711 vero
1235 3649 1279 3712 ita
1308 3650 1512 3712 concinentes

353 3737 385 3800 in
406 3736 547 3800 maximo
573 3754 634 3799 usu
656 3739 745 3812 sunt,
778 3755 853 3801 nam
882 3740 1085 3820 stropharum
1110 3745 1167 3807 158
1189 3766 1299 3810 versus
1325 3747 1387 3811 hoc
1412 3748 1511 3811 modo

354 3834 513 3899 coniuncti
529 3837 602 3898 sunt
619 3835 667 3912 39,
684 3851 748 3912 quo
763 3835 799 3898 ut
814 3834 894 3900 ratio
914 3837 925 3899 1
939 3836 983 3900 :Aa
1005 3839 1193 3921 Exemplum
1209 3844 1313 3922 estol,
1331 3846 1378 3922 17,
1396 3847 1510 3909 15.16;

611 3932 755 3997 Manebit
778 3933 820 3997 ad
841 3933 971 4014 plenum
992 3935 1173 4018 benigno
1452 3931 1453 3936 ¹

613 4029 709 4094 Ruris
730 4029 889 4093 honorum
911 4032 1061 4130 opulenta
1082 4053 1216 4101 cornu.

357 4163 546 4172 ——-—-··

423 4226 448 4294 1)
465 4225 622 4296 Woatpbal,
643 4224 750 4282 Griech.
772 4223 873 4278 Metrik
894 4225 932 4280 11⁸
951 4245 977 4296 p.
996 4226 1052 4281 llo.
