3262 5102
575 588 580 604 „
706 505 726 566 5

135 685 198 747 Sed
220 683 556 766 perscrutantesqui
585 682 625 747 sit
652 702 804 746 numerus
831 685 1028 766 singularum
1057 689 1232 758 formarum
1263 695 1294 759 in
1338 761 1339 766 ,

134 785 260 848 duobus
284 783 399 847 nostris
419 783 629 861 carminibus,
657 783 691 846 in
715 786 855 850 carmine
875 787 904 864 I,
928 789 942 850 1
972 788 1094 853 formae
1116 792 1129 854 Ι
1150 796 1295 877 exempla

134 885 251 949 mirum
272 884 306 948 in
326 883 459 946 modum
483 902 550 945 esse
572 886 722 964 congesta
743 884 930 950 invenimus
968 887 1049 953 Sunt
1070 895 1178 956 autem
1199 895 1293 963 haec:

279 986 305 1047 1.
348 984 517 1048 Maecenas
538 967 802 1062 atavisledile
822 986 992 1066 regibus
1149 983 1170 1062 '²,

275 1087 303 1148 6.
345 1084 519 1147 Terrarum
542 1083 729 1146 dominos
748 1083 877 1168 lwevehit
898 1087 940 1150 ad
963 1088 1059 1170 deos

278 1185 305 1248 7.
349 1185 443 1247 Hunc
465 1183 491 1246 si
513 1183 729 1246 mobilium
748 1183 751 1262 l
771 1185 866 1248 turha
888 1185 1112 1262 Quiritium

272 1285 305 1352 8.
349 1284 458 1347 Certat
479 1283 723 1362 tergeminis
742 1283 745 1363 Ι
764 1284 873 1348 tollere
897 1286 1126 1353 honoribus

278 1386 307 1447 9.
348 1382 440 1446 lllum
461 1382 487 1445 si
510 1381 681 1463 proprio
701 1382 704 1462 Ι
724 1383 866 1447 condidit
886 1384 1035 1451 horreo

261 1486 306 1550 10.
351 1482 515 1564 Quidquid
533 1483 572 1546 de
594 1482 760 1565 Libycis
780 1482 783 1562 Ι
802 1485 937 1548 verritur
960 1487 1069 1550 areis

261 1584 307 1646 lb.
350 1584 454 1664 Agros
475 1582 676 1646 Attalicis
695 1581 698 1662 Ι
719 1583 1038 1650 condicionibus

261 1685 306 1748 19.
349 1684 405 1747 Est
426 1682 481 1764 qui
502 1702 561 1746 nec
582 1683 738 1746 veteris
757 1682 760 1762 Ι
779 1683 894 1765 pocula
915 1686 1080 1751 Massici

257 1784 306 1848 20.
348 1781 414 1846 Nec
436 1786 562 1863 partem
584 1782 718 1846 solido
738 1782 742 1864 Ι
762 1783 889 1848 demere
909 1786 949 1849 de
970 1785 1034 1851 die

257 1884 305 1947 al.
349 1883 484 1964 Spernit,
507 1902 593 1946 nunc
613 1883 740 1946 viridi
759 1883 763 1963 Ι
782 1885 928 1949 membra
949 1887 1008 1949 sub
1032 1889 1180 1953 arbuto

257 1985 306 2047 m.
350 1984 475 2048 Stratus
497 2002 583 2046 nunc
604 1982 647 2046 ad
669 2003 802 2064 aquae
821 1984 824 2063 Ι
844 1985 914 2048 lene
934 1991 1031 2067 caput
1051 2008 1196 2054 sacrae

258 2085 306 2158 27.
350 2083 413 2147 Seu
433 2083 532 2146 visast
552 2082 705 2146 catulis
724 2081 727 2164 Ι
748 2103 842 2148 cerva
862 2085 1062 2151 fidelibus

257 2185 306 2248 18.
350 2183 413 2247 Seu
433 2183 519 2264 rupit
540 2183 697 2247 teretes
716 2183 720 2262 Ι
740 2179 862 2248 Marsus
883 2205 960 2266 aper
980 2187 1129 2268 plagas

258 2285 306 2348 31.
348 2283 636 2365 Nympharumque
658 2283 770 2347 leves
790 2284 793 2364 Ι
813 2305 886 2348 cum
908 2285 1029 2367 Satyris
1049 2287 1173 2352 chori.

133 2403 192 2468 Cui
211 2422 346 2466 numero
370 2402 395 2465 si
417 2401 601 2482 adiungitur
622 2421 731 2465 versus
749 2401 769 2464 A

7 2597 11 2604 Ι
189 2580 190 2583 ,
302 2519 383 2584 Oet
404 2519 662 2600 praesidium
683 2519 855 2600 etldulce
878 2521 974 2584 decus
994 2539 1123 2584 meum

6 2605 8 2610 ’
132 2637 283 2684 versuum
305 2622 345 2684 36
370 2620 507 2683 fonnem
528 2620 541 2682 Ι
562 2603 722 2701 praebent*
743 2621 796 2696 15,
824 2619 886 2682 hoc
910 2624 957 2684 est
984 2641 1087 2702 paene
1116 2621 1293 2686 dimidium.
1376 2689 1379 2694 ,

132 2719 286 2797 Quamvis
314 2724 422 2784 autem
445 2719 525 2784 haec
554 2720 657 2783 forma
676 2719 804 2801 parcius
833 2720 978 2784 adhibita
1007 2724 1109 2785 artem
1135 2723 1294 2804 poeticam
1383 2724 1384 2731 ’

132 2820 277 2898 adiuvet,
306 2820 331 2883 si
353 2820 448 2883 nimis
469 2823 657 2901 usurpatur,
687 2819 773 2901 quod
793 2818 830 2882 fit
853 2819 885 2882 in
906 2819 968 2883 hoc
991 2821 1147 2899 carmine,
1174 2822 1293 2884 crimen

130 2919 263 2983 minoris
283 2920 446 2984 varietatis
464 2919 517 2982 rix
538 2920 695 3002 depellere
715 2921 830 3000 potest.
867 2919 974 3000 Atque
997 2940 1034 2984 eo
1055 2922 1158 3002 magis
1181 2922 1294 3003 aliquis
1355 2977 1356 2980 ,

130 3020 163 3083 id
179 3020 320 3098 miretur,
344 3040 417 3084 cum
432 3020 594 3096 Horatius
617 3021 671 3100 qui
687 3039 752 3083 non
772 3023 840 3082 tam
857 3023 992 3083 naturae
1009 3020 1148 3086 indolem
1168 3024 1294 3084 secutus

130 3138 231 3200 quam
253 3118 382 3183 consilio
402 3139 440 3183 ac
461 3119 584 3183 ratione
607 3120 738 3199 ductus,
768 3139 832 3201 quo
855 3119 992 3182 diximus
1013 3121 1126 3198 modo,
1150 3121 1293 3184 carmina

130 3220 318 3300 composuit,
339 3239 468 3282 carmen
485 3221 507 3297 I,
530 3222 543 3283 1
567 3220 750 3284 dedicatum
772 3225 869 3302 atque
888 3221 979 3301 quasi
1001 3221 1201 3302 prooemium
1223 3240 1292 3283 car-

129 3319 253 3382 minum
281 3319 369 3383 libris
392 3321 470 3384 1-3
501 3323 613 3401 postea
638 3321 855 3402 proposuerit,
884 3323 1056 3401 postquam
1084 3321 1170 3383 hunc
1198 3340 1292 3383 usum

130 3418 231 3482 verba
252 3420 465 3500 componendi
488 3420 518 3500 ln
541 3420 651 3484 ceteris
673 3422 883 3498 carminibus,
911 3421 966 3488 ubi
988 3440 1052 3483 non
1074 3421 1119 3484 ita
1141 3440 1236 3502 saepe
1259 3424 1292 3484 at

128 3519 245 3582 melius
266 3522 362 3598 extat,
387 3519 451 3584 iam
469 3521 545 3584 satis
567 3521 715 3584 exercuit.
751 3523 950 3602 Argumento
973 3524 1020 3584 est
1034 3521 1083 3597 ΙΙΙ,
1101 3521 1150 3598 m,
1173 3521 1206 3584 in
1227 3542 1291 3602 quo

130 3619 271 3682 carmine
295 3621 441 3701 exempla
464 3624 538 3684 sunt
558 3621 656 3684 haec:

235 3721 282 3784 10.
325 3719 469 3797 Quorum
490 3720 634 3801 plaustra
653 3739 781 3802 vagas
800 3720 803 3799 Ι
821 3721 881 3784 rite
902 3721 1036 3784 trahunt
1057 3721 1195 3784 domos

234 3822 280 3884 18.
323 3820 480 3902 Privignis
499 3821 647 3884 mulier
666 3820 669 3901 Ι
688 3824 848 3902 temperat
870 3821 1069 3883 innocens

231 3921 280 3984 AO.
323 3920 469 3984 Coniunx
490 3939 549 3983 nec
571 3920 708 3984 nitido
727 3920 730 4000 Ι
749 3920 819 3984 fidit
839 3920 1031 3984 adultero

230 4021 279 4085 Ad.
322 4021 445 4086 Caedes
464 4025 495 4085 et
516 4021 673 4085 rabiem
692 4020 696 4100 Ι
715 4021 824 4085 tollere
844 4020 1019 4084 civicam

229 4121 279 4184 58.
323 4122 386 4184 Seu
407 4121 500 4184 malis
521 4121 654 4185 vetita
673 4121 676 4201 Ι
696 4123 817 4202 legibus
839 4122 938 4185 alea.

128 4235 188 4298 Hic
210 4240 294 4300 certe
315 4237 427 4301 melior
450 4242 614 4319 comparet
635 4239 726 4316 ratio,
746 4259 823 4314 nam
844 4259 910 4302 non
931 4242 978 4301 est
1003 4239 1069 4300 lm
1091 4237 1146 4298 scd
1169 4234 1286 4316 (5:31)
1401 4285 1446 4333 U

130 4336 201 4413 1:43,
220 4355 318 4416 quam
333 4337 366 4400 in
381 4357 492 4401 omnes
506 4338 636 4402 omnino
647 4339 753 4403 valere
767 4338 800 4402 in
815 4340 879 4402 fine
894 4337 1088 4421 quaestionis
1098 4335 1285 4399 videbimus.
