3262 5102
643 471 680 533 61

289 667 347 730 per
367 650 603 712 sacramentum
624 647 765 728 turneio,
788 651 876 716 unda
897 653 1020 718 misso

290 747 412 812 dulcuit
431 748 545 828 ligno
564 745 568 828 Ι
587 748 755 830 posuitque
777 750 898 816 tristes

170 863 298 928 Formae
326 867 434 929 autem
463 863 620 946 simplices
643 865 669 927 Π
689 868 720 929 et
741 868 781 931 IIl
800 889 932 950 perraro
953 878 1026 938 sunt
1056 882 1238 959 usurpatae,

104 961 187 1026 altera
206 964 288 1027 enim
311 963 426 1042 sexies,
450 964 550 1028 altera
571 963 686 1046 septies
707 971 885 1048 spectatur,
913 971 1016 1038 forma
1037 994 1113 1040 vero
1136 978 1149 1041 l
1170 999 1239 1044 sae·

30 1141 31 1152 ¹
104 1062 161 1142 pius
180 1063 327 1144 proiectu,
351 1064 422 1127 dico
440 1059 544 1128 decies
562 1063 685 1145 septies,
708 1085 772 1147 quo
792 1067 827 1131 iit
850 1071 965 1144 1:9¹tr
987 1073 1075 1154 (Hor.
1100 1077 1238 1161 1:5112).

30 1169 31 1180 ³
103 1161 217 1226 Formae
247 1183 375 1246 quoque
396 1163 423 1226 Ι·
442 1181 606 1246 perpauca
631 1166 776 1247 exempla
806 1169 981 1236 offeruntur
1011 1176 1088 1255 tria,
1119 1177 1240 1245 formae

30 1249 32 1306 3
104 1263 145 1326 lll¹
169 1265 328 1341 undecim;
361 1264 473 1346 quodsi
504 1263 641 1344 denique
669 1264 818 1332 binorum
845 1290 995 1336 versuum
1024 1275 1119 1341 initia
1143 1281 1240 1345 semel

105 1364 170 1446 (130.
187 1365 244 1445 31),
266 1365 368 1429 exitus
387 1365 437 1428 bis
459 1361 541 1446 (205.
558 1363 627 1426 706.
644 1400 683 1406 -
698 1365 767 1430 777.
784 1367 835 1450 78)
858 1373 1024 1438 concinere
1046 1395 1240 1444 commemo·

104 1470 192 1529 ratum
218 1470 279 1543 est,
316 1464 394 1528 nihil
422 1465 544 1541 obstat,
575 1462 653 1545 quin
681 1468 866 1532 summatim
894 1471 1070 1538 formarum
1095 1479 1240 1558 quaestio

30 1599 31 1620 r
105 1565 300 1630 concludatur.
351 1565 414 1628 Sed
444 1567 552 1628 tamen
581 1564 734 1628 nonnulla
761 1573 835 1632 sunt
864 1570 1030 1651 addenda;
1059 1596 1136 1654 uam
1166 1598 1240 1644 cum

30 1653 31 1744 Ι
105 1666 176 1746 apud
203 1685 310 1730 omnes
339 1667 411 1747 post
439 1664 588 1728 Flaccum
618 1663 789 1728 verborum
817 1671 1011 1737 structuram
1043 1675 1136 1741 simul
1166 1698 1240 1743 cum

30 1837 31 1840 Ι
105 1765 222 1846 strophis
248 1764 331 1828 finiri
359 1764 556 1840 memineris
587 1755 671 1826 certe
698 1765 839 1844 miraris,
869 1771 957 1851 quod
985 1773 1059 1838 huic
1087 1776 1148 1858 legi
1174 1797 1239 1843 nou

30 1879 32 1890 ’
108 1864 327 1946 obtemperatur
348 1863 381 1928 in
403 1864 545 1929 versibus
565 1862 704 1928 59—61:

332 1982 427 2044 quem
449 1963 496 2027 tui
518 1962 640 2026 dudum
659 1960 663 2042 Ι
682 1965 827 2046 populi
849 1967 984 2050 fatigant

545 2064 639 2124 nocte
664 2061 776 2144 dieque

321 2179 355 2224 se
376 2165 647 2241 reposcentes
666 2161 670 2242 Ι
689 2165 725 2225 ut
746 2181 823 2243 agor
843 2164 995 2247 levandis

105 2261 184 2338 atque
207 2259 269 2324 176.
286 2260 335 2335 77,
364 2259 418 2322 ubi
445 2259 558 2340 exigua
587 2258 799 2343 interpunctio
821 2265 972 2346 strophas
998 2271 1148 2347 secemit;
1180 2292 1239 2338 nec

30 2417 31 2426 ,
104 2357 188 2422 multa
208 2359 280 2422 talia
301 2359 414 2422 afferre
441 2359 551 2441 possis,
594 2359 694 2424 Porro
715 2361 885 2442 adonium,
916 2385 1012 2447 quem
1035 2359 1240 2438 ab'Ausonio

30 2471 31 2534 j
105 2473 312 2539 nonnunquam
347 2477 412 2522 uno
441 2458 598 2522 vocabulo
629 2461 840 2541 compositum
869 2466 1107 2547 conspeximus,
1143 2473 1240 2536 semel

30 2541 32 2556 '
105 2553 138 2617 ila
155 2556 299 2621 Paulinus
320 2577 448 2639 quoque
470 2557 618 2634 instituit,
641 2578 670 2622 v.
693 2559 771 2640 20:⁴¹

533 2656 788 2724 Thessalonicen

30 2791 31 2834 ς
104 2767 253 2853 Complura
283 2772 414 2837 nomina
441 2772 496 2835 uni
523 2776 554 2836 et
581 2773 685 2838 eidem
712 2775 909 2842 substantivo
937 2781 1105 2850 subiuncta
1132 2790 1241 2874 inter-l

106 2867 166 2932 dun
191 2871 268 2935 bene
297 2875 435 2953 apteque
463 2872 556 2935 certis
577 2873 653 2937 loeis
680 2894 739 2957 per
766 2879 867 2940 totam
896 2881 1062 2963 stropham
1086 2885 1241 2971 dispertiit

104 2973 189 3048 poeta,
212 2971 247 3035 cf.
262 2991 290 3035 v.
308 2971 450 3035 333-36
472 2969 625 3052 (antistes
642 3009 681 3017 —
704 2975 820 3057 hospes
840 2997 1029 3046 —consors
1050 3019 1089 3028 —
1109 2989 1239 3073 accola‘)

107 3068 157 3132 huc
182 3074 322 3154 spectant
342 3089 452 3134 versus
472 3072 570 3135 9-11
603 3076 634 3136 et
662 3074 813 3139 773-76.
855 3076 921 3142 Nec
941 3069 1090 3166 ‘alioquin
1119 3085 1240 3153 formae

107 3167 272 3234 artificiosae
293 3169 512 3252 repudiantur,
534 3169 623 3234 cuius
644 3170 689 3235 rei
709 3173 871 3253 egregium
893 3175 1121 3245 documentum
1143 3191 1240 3266 poeta

107 3266 233 3344 praebet,
260 3287 334 3332 cum
365 3268 398 3331 in
427 3267 552 3331 duobus
580 3267 723 3330 versibus
754 3269 955 3351 anaphoram
983 3294 1056 3340 cum
1085 3280 1239 3363 epiphora

109 3363 288 3428 coniunctam
311 3364 402 3442 edat,
425 3364 473 3428 77.
490 3364 546 3428 73:

290 3461 459 3525 Odimus
480 3460 627 3543 quamvis
645 3461 649 3542 Ι
668 3461 725 3524 sed
746 3463 874 3528 easdem
896 3486 1041 3534 amamus

291 3559 453 3624 odimus
475 3558 561 3641 quod
583 3562 615 3622 te
634 3556 638 3637 Ι
656 3560 824 3624 retrahunt
847 3582 1007 3641 amomum

108 3654 169 3732 quin
189 3657 280 3720 etiam
301 3661 396 3721 aucta
416 3661 463 3722 est
485 3657 724 3741 quodammodo
745 3660 850 3724 arsin
871 3663 940 3727 aad
956 3665 1012 3730 26:

302 3769 373 3972 nis
393 3824 447 3887 ubi
470 3752 634 3906 quotidem
653 3824 657 3905 Ι
676 3825 814 3890 suerat
836 3827 1016 3892 ferarum

506 3937 523 3974 a

303 4008 389 4054 nunc
411 3991 456 4054 ibi
478 3991 556 4055 ritus
575 3991 579 4071 Ι
597 3991 710 4071 viget
731 3993 971 4072 angelorum

109 4081 138 4143 cl.
157 4085 218 4152 795.
233 4093 287 4156 96:

377 4193 517 4277 corporis
534 4189 608 4257 vita
626 4191 630 4272 Ι
649 4193 852 4258 moriente
873 4193 948 4260 rita

531 4287 644 4355 vivet
666 4290 794 4369 umoris,
