<?xml version="1.0" encoding="UTF-8"?>
<!DOCTYPE html PUBLIC "-//W3C//DTD XHTML 1.0 Transitional//EN"
    "http://www.w3.org/TR/xhtml1/DTD/xhtml1-transitional.dtd">
<html xmlns="http://www.w3.org/1999/xhtml" xml:lang="en" lang="en">
 <head>
  <title>
</title>
<meta http-equiv="Content-Type" content="text/html;charset=utf-8" />
  <meta name='ocr-system' content='tesseract 3.04.00' />
  <meta name='ocr-capabilities' content='ocr_page ocr_carea ocr_par ocr_line ocrx_word'/>
</head>
<body>
  <div class='ocr_page' id='page_1' title='image "./demetrorumlyric00reicgoog_0042.png"; bbox 0 0 3262 5102; ppageno 0'>
   <div class='ocr_carea' id='block_1_1' title="bbox 682 438 722 500">
    <p class='ocr_par' dir='ltr' id='par_1_1' title="bbox 682 438 722 500">
     <span class='ocr_line' id='line_1_1' title="bbox 682 438 722 500; baseline 0 0"><span class='ocrx_word' id='word_1_1' title='bbox 682 438 722 500; x_wconf 89' lang='lat'>33</span> 
     </span>
    </p>
   </div>
   <div class='ocr_carea' id='block_1_2' title="bbox 113 617 1347 1201">
    <p class='ocr_par' dir='ltr' id='par_1_2' title="bbox 113 617 1347 1201">
     <span class='ocr_line' id='line_1_2' title="bbox 115 617 1286 703; baseline 0.003 -21"><span class='ocrx_word' id='word_1_2' title='bbox 115 622 217 700; x_wconf 88' lang='lat' dir='ltr'>atque</span> <span class='ocrx_word' id='word_1_3' title='bbox 241 618 270 680; x_wconf 91' lang='lat' dir='ltr'>in</span> <span class='ocrx_word' id='word_1_4' title='bbox 294 617 560 699; x_wconf 84' lang='lat' dir='ltr'>hendecasyllabo</span> <span class='ocrx_word' id='word_1_5' title='bbox 582 618 732 700; x_wconf 88' lang='lat' dir='ltr'>sapphico</span> <span class='ocrx_word' id='word_1_6' title='bbox 754 619 872 698; x_wconf 90' lang='lat' dir='ltr'>altera,</span> <span class='ocrx_word' id='word_1_7' title='bbox 902 640 985 703; x_wconf 88' lang='lat' dir='ltr'>quae</span> <span class='ocrx_word' id='word_1_8' title='bbox 1006 639 1132 686; x_wconf 89' lang='lat' dir='ltr'>versum</span> <span class='ocrx_word' id='word_1_9' title='bbox 1157 622 1286 686; x_wconf 90' lang='lat' dir='ltr'>metitur</span> 
     </span>
     <span class='ocr_line' id='line_1_3' title="bbox 113 716 1285 804; baseline 0.003 -23"><span class='ocrx_word' id='word_1_10' title='bbox 113 737 174 799; x_wconf 89' lang='lat' dir='ltr'>per</span> <span class='ocrx_word' id='word_1_11' title='bbox 193 719 334 800; x_wconf 79' lang='lat' dir='ltr'>syzygias</span> <span class='ocrx_word' id='word_1_12' title='bbox 355 719 417 780; x_wconf 90' lang='lat' dir='ltr'>ita:</span> <span class='ocrx_word' id='word_1_13' title='bbox 440 716 577 800; x_wconf 90' lang='lat' dir='ltr'>‘hippius</span> <span class='ocrx_word' id='word_1_14' title='bbox 598 717 644 796; x_wconf 94' lang='lat' dir='ltr'>lll,</span> <span class='ocrx_word' id='word_1_15' title='bbox 662 719 764 784; x_wconf 90' lang='lat' dir='ltr'>ionius</span> <span class='ocrx_word' id='word_1_16' title='bbox 787 738 806 784; x_wconf 90' lang='lat' dir='ltr'>a</span> <span class='ocrx_word' id='word_1_17' title='bbox 829 720 958 802; x_wconf 88' lang='lat' dir='ltr'>maiore,</span> <span class='ocrx_word' id='word_1_18' title='bbox 979 720 1121 804; x_wconf 90' lang='lat' dir='ltr'>dactylus</span> <span class='ocrx_word' id='word_1_19' title='bbox 1143 721 1192 785; x_wconf 92' lang='lat' dir='ltr'>vel</span> <span class='ocrx_word' id='word_1_20' title='bbox 1213 741 1285 785; x_wconf 89' lang='lat' dir='ltr'>am-</span> 
     </span>
     <span class='ocr_line' id='line_1_4' title="bbox 114 815 1347 902; baseline 0.006 -22"><span class='ocrx_word' id='word_1_21' title='bbox 114 815 322 899; x_wconf 90' lang='lat' dir='ltr'>phimacrus’.</span> <span class='ocrx_word' id='word_1_22' title='bbox 343 816 628 900; x_wconf 78' lang='lat' dir='ltr'>Mar.Plot.p.5ll.</span> <span class='ocrx_word' id='word_1_23' title='bbox 658 819 880 902; x_wconf 84' lang='lat' dir='ltr'>Diom.p.520.</span> <span class='ocrx_word' id='word_1_24' title='bbox 901 819 996 884; x_wconf 90' lang='lat' dir='ltr'>Vides</span> <span class='ocrx_word' id='word_1_25' title='bbox 1012 822 1106 902; x_wconf 89' lang='lat' dir='ltr'>igitur</span> <span class='ocrx_word' id='word_1_26' title='bbox 1119 822 1151 884; x_wconf 94' lang='lat' dir='ltr'>in</span> <span class='ocrx_word' id='word_1_27' title='bbox 1166 821 1284 886; x_wconf 80' lang='lat' dir='ltr'>alcaico</span> <span class='ocrx_word' id='word_1_28' title='bbox 1343 821 1347 834; x_wconf 90' lang='lat'>&#39;</span> 
     </span>
     <span class='ocr_line' id='line_1_5' title="bbox 115 915 1286 998; baseline 0.003 -18"><span class='ocrx_word' id='word_1_29' title='bbox 115 935 186 980; x_wconf 89' lang='lat' dir='ltr'>rem</span> <span class='ocrx_word' id='word_1_30' title='bbox 210 936 277 980; x_wconf 87' lang='lat' dir='ltr'>esse</span> <span class='ocrx_word' id='word_1_31' title='bbox 294 915 568 998; x_wconf 82' lang='lat' dir='ltr'>simplicissimam,</span> <span class='ocrx_word' id='word_1_32' title='bbox 587 936 660 982; x_wconf 89' lang='lat' dir='ltr'>cum</span> <span class='ocrx_word' id='word_1_33' title='bbox 679 937 737 983; x_wconf 92' lang='lat' dir='ltr'>nec</span> <span class='ocrx_word' id='word_1_34' title='bbox 760 920 842 985; x_wconf 89' lang='lat' dir='ltr'>duae</span> <span class='ocrx_word' id='word_1_35' title='bbox 866 919 1030 984; x_wconf 81' lang='lat' dir='ltr'>derivandi</span> <span class='ocrx_word' id='word_1_36' title='bbox 1047 921 1184 984; x_wconf 88' lang='lat' dir='ltr'>rationes</span> <span class='ocrx_word' id='word_1_37' title='bbox 1205 921 1286 984; x_wconf 90' lang='lat' dir='ltr'>inter</span> 
     </span>
     <span class='ocr_line' id='line_1_6' title="bbox 114 1016 1285 1102; baseline 0.002 -20"><span class='ocrx_word' id='word_1_38' title='bbox 114 1036 152 1082; x_wconf 87' lang='lat' dir='ltr'>se</span> <span class='ocrx_word' id='word_1_39' title='bbox 167 1016 346 1081; x_wconf 82' lang='lat' dir='ltr'>differentes</span> <span class='ocrx_word' id='word_1_40' title='bbox 368 1016 548 1094; x_wconf 88' lang='lat' dir='ltr'>tradantur,</span> <span class='ocrx_word' id='word_1_41' title='bbox 572 1020 608 1082; x_wconf 95' lang='lat' dir='ltr'>ut</span> <span class='ocrx_word' id='word_1_42' title='bbox 628 1018 661 1081; x_wconf 95' lang='lat' dir='ltr'>in</span> <span class='ocrx_word' id='word_1_43' title='bbox 684 1019 890 1102; x_wconf 89' lang='lat' dir='ltr'>asclepiadeo,</span> <span class='ocrx_word' id='word_1_44' title='bbox 912 1039 970 1083; x_wconf 90' lang='lat' dir='ltr'>nec</span> <span class='ocrx_word' id='word_1_45' title='bbox 987 1019 1140 1086; x_wconf 88' lang='lat' dir='ltr'>derivatio</span> <span class='ocrx_word' id='word_1_46' title='bbox 1161 1019 1285 1085; x_wconf 92' lang='lat' dir='ltr'>divisio-</span> 
     </span>
     <span class='ocr_line' id='line_1_7' title="bbox 117 1115 734 1201; baseline -0.002 -19"><span class='ocrx_word' id='word_1_47' title='bbox 117 1136 185 1200; x_wconf 93' lang='lat' dir='ltr'>que</span> <span class='ocrx_word' id='word_1_48' title='bbox 207 1115 394 1197; x_wconf 79' lang='lat' dir='ltr'>discrepent,</span> <span class='ocrx_word' id='word_1_49' title='bbox 416 1116 498 1182; x_wconf 89' lang='lat' dir='ltr'>sicut</span> <span class='ocrx_word' id='word_1_50' title='bbox 519 1119 551 1182; x_wconf 95' lang='lat' dir='ltr'>in</span> <span class='ocrx_word' id='word_1_51' title='bbox 571 1119 734 1201; x_wconf 89' lang='lat' dir='ltr'>sapphico.</span> 
     </span>
    </p>
   </div>
   <div class='ocr_carea' id='block_1_3' title="bbox 114 1241 1287 2524">
    <p class='ocr_par' dir='ltr' id='par_1_3' title="bbox 114 1241 1287 2524">
     <span class='ocr_line' id='line_1_8' title="bbox 202 1241 1286 1326; baseline -0.002 -20"><span class='ocrx_word' id='word_1_52' title='bbox 202 1241 289 1306; x_wconf 89' lang='lat' dir='ltr'>Haec</span> <span class='ocrx_word' id='word_1_53' title='bbox 322 1241 386 1306; x_wconf 85' lang='lat' dir='ltr'>fere</span> <span class='ocrx_word' id='word_1_54' title='bbox 412 1245 502 1323; x_wconf 88' lang='lat' dir='ltr'>sunt,</span> <span class='ocrx_word' id='word_1_55' title='bbox 536 1262 619 1326; x_wconf 89' lang='lat' dir='ltr'>quae</span> <span class='ocrx_word' id='word_1_56' title='bbox 642 1244 681 1308; x_wconf 93' lang='lat' dir='ltr'>de</span> <span class='ocrx_word' id='word_1_57' title='bbox 710 1244 843 1325; x_wconf 89' lang='lat' dir='ltr'>antiqua</span> <span class='ocrx_word' id='word_1_58' title='bbox 865 1242 925 1307; x_wconf 89' lang='lat' dir='ltr'>tria</span> <span class='ocrx_word' id='word_1_59' title='bbox 952 1245 1061 1306; x_wconf 86' lang='lat' dir='ltr'>nostra</span> <span class='ocrx_word' id='word_1_60' title='bbox 1082 1245 1185 1305; x_wconf 88' lang='lat' dir='ltr'>metra</span> <span class='ocrx_word' id='word_1_61' title='bbox 1206 1242 1286 1305; x_wconf 91' lang='lat' dir='ltr'>deri·</span> 
     </span>
     <span class='ocr_line' id='line_1_9' title="bbox 114 1340 1287 1426; baseline 0 -22"><span class='ocrx_word' id='word_1_62' title='bbox 114 1341 218 1406; x_wconf 88' lang='lat' dir='ltr'>vandi</span> <span class='ocrx_word' id='word_1_63' title='bbox 239 1340 386 1406; x_wconf 90' lang='lat' dir='ltr'>doctrina</span> <span class='ocrx_word' id='word_1_64' title='bbox 408 1342 552 1406; x_wconf 86' lang='lat' dir='ltr'>conferre</span> <span class='ocrx_word' id='word_1_65' title='bbox 574 1343 683 1426; x_wconf 80' lang='lat' dir='ltr'>potui3</span> <span class='ocrx_word' id='word_1_66' title='bbox 715 1344 787 1407; x_wconf 91' lang='lat' dir='ltr'>inde</span> <span class='ocrx_word' id='word_1_67' title='bbox 814 1343 973 1426; x_wconf 87' lang='lat' dir='ltr'>sequitur,</span> <span class='ocrx_word' id='word_1_68' title='bbox 1001 1347 1036 1405; x_wconf 92' lang='lat' dir='ltr'>ut</span> <span class='ocrx_word' id='word_1_69' title='bbox 1057 1361 1166 1406; x_wconf 91' lang='lat' dir='ltr'>versus</span> <span class='ocrx_word' id='word_1_70' title='bbox 1188 1342 1287 1405; x_wconf 89' lang='lat' dir='ltr'>ascle-</span> 
     </span>
     <span class='ocr_line' id='line_1_10' title="bbox 115 1442 1285 1526; baseline -0.003 -20"><span class='ocrx_word' id='word_1_71' title='bbox 115 1442 224 1526; x_wconf 88' lang='lat' dir='ltr'>piadei</span> <span class='ocrx_word' id='word_1_72' title='bbox 246 1446 367 1523; x_wconf 88' lang='lat' dir='ltr'>partem</span> <span class='ocrx_word' id='word_1_73' title='bbox 390 1443 585 1524; x_wconf 89' lang='lat' dir='ltr'>superiorem</span> <span class='ocrx_word' id='word_1_74' title='bbox 608 1463 676 1508; x_wconf 89' lang='lat' dir='ltr'>esse</span> <span class='ocrx_word' id='word_1_75' title='bbox 699 1443 969 1523; x_wconf 81' lang='lat' dir='ltr'>penthemimeren</span> <span class='ocrx_word' id='word_1_76' title='bbox 992 1442 1194 1523; x_wconf 79' lang='lat' dir='ltr'>dactylicam,</span> <span class='ocrx_word' id='word_1_77' title='bbox 1216 1459 1285 1502; x_wconf 92' lang='lat' dir='ltr'>ver-</span> 
     </span>
     <span class='ocr_line' id='line_1_11' title="bbox 115 1541 1286 1624; baseline -0.002 -18"><span class='ocrx_word' id='word_1_78' title='bbox 115 1561 174 1606; x_wconf 90' lang='lat' dir='ltr'>sus</span> <span class='ocrx_word' id='word_1_79' title='bbox 196 1541 338 1622; x_wconf 84' lang='lat' dir='ltr'>sapphici</span> <span class='ocrx_word' id='word_1_80' title='bbox 357 1561 425 1606; x_wconf 91' lang='lat' dir='ltr'>esse</span> <span class='ocrx_word' id='word_1_81' title='bbox 443 1542 715 1624; x_wconf 88' lang='lat' dir='ltr'>penthemimeren</span> <span class='ocrx_word' id='word_1_82' title='bbox 738 1543 943 1619; x_wconf 86' lang='lat' dir='ltr'>trochaicam,</span> <span class='ocrx_word' id='word_1_83' title='bbox 966 1561 1072 1606; x_wconf 91' lang='lat' dir='ltr'>versus</span> <span class='ocrx_word' id='word_1_84' title='bbox 1093 1541 1200 1606; x_wconf 87' lang='lat' dir='ltr'>alcaici</span> <span class='ocrx_word' id='word_1_85' title='bbox 1219 1559 1286 1604; x_wconf 91' lang='lat' dir='ltr'>esse</span> 
     </span>
     <span class='ocr_line' id='line_1_12' title="bbox 116 1641 1286 1724; baseline -0.003 -18"><span class='ocrx_word' id='word_1_86' title='bbox 116 1641 395 1724; x_wconf 89' lang='lat' dir='ltr'>penthemimeren</span> <span class='ocrx_word' id='word_1_87' title='bbox 427 1641 595 1706; x_wconf 88' lang='lat' dir='ltr'>iambicam</span> <span class='ocrx_word' id='word_1_88' title='bbox 630 1644 829 1720; x_wconf 80' lang='lat' dir='ltr'>grammatici</span> <span class='ocrx_word' id='word_1_89' title='bbox 859 1643 1030 1719; x_wconf 88' lang='lat' dir='ltr'>voluerint,</span> <span class='ocrx_word' id='word_1_90' title='bbox 1057 1659 1286 1723; x_wconf 82' lang='lat' dir='ltr'>caesaremque</span> 
     </span>
     <span class='ocr_line' id='line_1_13' title="bbox 116 1737 1284 1823; baseline -0.003 -19"><span class='ocrx_word' id='word_1_91' title='bbox 116 1759 190 1804; x_wconf 90' lang='lat' dir='ltr'>esse</span> <span class='ocrx_word' id='word_1_92' title='bbox 220 1740 401 1821; x_wconf 89' lang='lat' dir='ltr'>ponendam</span> <span class='ocrx_word' id='word_1_93' title='bbox 433 1745 463 1803; x_wconf 92' lang='lat' dir='ltr'>et</span> <span class='ocrx_word' id='word_1_94' title='bbox 492 1741 663 1806; x_wconf 89' lang='lat' dir='ltr'>tenendam</span> <span class='ocrx_word' id='word_1_95' title='bbox 692 1742 723 1805; x_wconf 91' lang='lat' dir='ltr'>in</span> <span class='ocrx_word' id='word_1_96' title='bbox 758 1741 956 1823; x_wconf 88' lang='lat' dir='ltr'>asclepiadeo</span> <span class='ocrx_word' id='word_1_97' title='bbox 988 1743 1058 1823; x_wconf 90' lang='lat' dir='ltr'>post</span> <span class='ocrx_word' id='word_1_98' title='bbox 1086 1743 1224 1818; x_wconf 87' lang='lat' dir='ltr'>sextam,</span> <span class='ocrx_word' id='word_1_99' title='bbox 1252 1737 1284 1800; x_wconf 93' lang='lat' dir='ltr'>in</span> 
     </span>
     <span class='ocr_line' id='line_1_14' title="bbox 116 1838 1284 1926; baseline -0.002 -24"><span class='ocrx_word' id='word_1_100' title='bbox 116 1839 274 1922; x_wconf 88' lang='lat' dir='ltr'>sapphico</span> <span class='ocrx_word' id='word_1_101' title='bbox 302 1843 334 1904; x_wconf 93' lang='lat' dir='ltr'>et</span> <span class='ocrx_word' id='word_1_102' title='bbox 361 1839 479 1904; x_wconf 87' lang='lat' dir='ltr'>alcaico</span> <span class='ocrx_word' id='word_1_103' title='bbox 510 1844 580 1922; x_wconf 93' lang='lat' dir='ltr'>post</span> <span class='ocrx_word' id='word_1_104' title='bbox 609 1842 753 1924; x_wconf 87' lang='lat' dir='ltr'>quintam</span> <span class='ocrx_word' id='word_1_105' title='bbox 781 1842 945 1926; x_wconf 87' lang='lat' dir='ltr'>syllabam.</span> <span class='ocrx_word' id='word_1_106' title='bbox 988 1841 1080 1905; x_wconf 89' lang='lat' dir='ltr'>Hanc</span> <span class='ocrx_word' id='word_1_107' title='bbox 1108 1838 1284 1902; x_wconf 89' lang='lat' dir='ltr'>doctrinam</span> 
     </span>
     <span class='ocr_line' id='line_1_15' title="bbox 116 1929 1285 2025; baseline -0.004 -21"><span class='ocrx_word' id='word_1_108' title='bbox 116 1939 274 2004; x_wconf 86' lang='lat' dir='ltr'>Horatius</span> <span class='ocrx_word' id='word_1_109' title='bbox 292 1929 377 2004; x_wconf 82' lang='lat' dir='ltr'>certe</span> <span class='ocrx_word' id='word_1_110' title='bbox 395 1941 554 2020; x_wconf 81' lang='lat' dir='ltr'>cognitam</span> <span class='ocrx_word' id='word_1_111' title='bbox 571 1941 684 2006; x_wconf 87' lang='lat' dir='ltr'>habuit</span> <span class='ocrx_word' id='word_1_112' title='bbox 702 1962 803 2025; x_wconf 90' lang='lat' dir='ltr'>eaque</span> <span class='ocrx_word' id='word_1_113' title='bbox 820 1942 985 2022; x_wconf 82' lang='lat' dir='ltr'>diligenter</span> <span class='ocrx_word' id='word_1_114' title='bbox 1001 1959 1076 2003; x_wconf 91' lang='lat' dir='ltr'>usus</span> <span class='ocrx_word' id='word_1_115' title='bbox 1095 1941 1141 2001; x_wconf 88' lang='lat' dir='ltr'>est</span> <span class='ocrx_word' id='word_1_116' title='bbox 1164 1938 1285 2019; x_wconf 90' lang='lat' dir='ltr'>primus</span> 
     </span>
     <span class='ocr_line' id='line_1_16' title="bbox 116 2036 1285 2124; baseline -0.005 -18"><span class='ocrx_word' id='word_1_117' title='bbox 116 2039 282 2116; x_wconf 90' lang='lat' dir='ltr'>omnium,</span> <span class='ocrx_word' id='word_1_118' title='bbox 313 2040 366 2122; x_wconf 90' lang='lat' dir='ltr'>qui</span> <span class='ocrx_word' id='word_1_119' title='bbox 388 2040 436 2103; x_wconf 87' lang='lat' dir='ltr'>his</span> <span class='ocrx_word' id='word_1_120' title='bbox 458 2042 565 2109; x_wconf 86' lang='lat' dir='ltr'>metris</span> <span class='ocrx_word' id='word_1_121' title='bbox 586 2042 727 2106; x_wconf 89' lang='lat' dir='ltr'>carmina</span> <span class='ocrx_word' id='word_1_122' title='bbox 748 2045 938 2124; x_wconf 76' lang='lat' dir='ltr'>punxerunt.</span> <span class='ocrx_word' id='word_1_123' title='bbox 982 2040 1144 2118; x_wconf 87' lang='lat' dir='ltr'>Quantum</span> <span class='ocrx_word' id='word_1_124' title='bbox 1167 2036 1285 2113; x_wconf 84' lang='lat' dir='ltr'>fecerit,</span> 
     </span>
     <span class='ocr_line' id='line_1_17' title="bbox 116 2140 1284 2223; baseline 0.002 -19"><span class='ocrx_word' id='word_1_125' title='bbox 116 2142 197 2205; x_wconf 92' lang='lat' dir='ltr'>satis</span> <span class='ocrx_word' id='word_1_126' title='bbox 215 2143 352 2205; x_wconf 87' lang='lat' dir='ltr'>constat.</span> <span class='ocrx_word' id='word_1_127' title='bbox 394 2140 502 2223; x_wconf 89' lang='lat' dir='ltr'>ltaque</span> <span class='ocrx_word' id='word_1_128' title='bbox 531 2141 555 2204; x_wconf 88' lang='lat' dir='ltr'>si</span> <span class='ocrx_word' id='word_1_129' title='bbox 581 2142 706 2223; x_wconf 91' lang='lat' dir='ltr'>penitus</span> <span class='ocrx_word' id='word_1_130' title='bbox 733 2142 899 2206; x_wconf 85' lang='lat' dir='ltr'>introimus</span> <span class='ocrx_word' id='word_1_131' title='bbox 926 2142 958 2204; x_wconf 92' lang='lat' dir='ltr'>in</span> <span class='ocrx_word' id='word_1_132' title='bbox 978 2161 1061 2219; x_wconf 88' lang='lat' dir='ltr'>rem,</span> <span class='ocrx_word' id='word_1_133' title='bbox 1090 2162 1197 2208; x_wconf 89' lang='lat' dir='ltr'>errare</span> <span class='ocrx_word' id='word_1_134' title='bbox 1220 2163 1284 2208; x_wconf 90' lang='lat' dir='ltr'>non</span> 
     </span>
     <span class='ocr_line' id='line_1_18' title="bbox 115 2241 1286 2324; baseline 0.001 -21"><span class='ocrx_word' id='word_1_135' title='bbox 115 2241 268 2304; x_wconf 87' lang='lat' dir='ltr'>videmur</span> <span class='ocrx_word' id='word_1_136' title='bbox 290 2242 429 2306; x_wconf 88' lang='lat' dir='ltr'>dicentes</span> <span class='ocrx_word' id='word_1_137' title='bbox 459 2241 635 2306; x_wconf 86' lang='lat' dir='ltr'>doctrinam</span> <span class='ocrx_word' id='word_1_138' title='bbox 664 2241 750 2306; x_wconf 91' lang='lat' dir='ltr'>illam</span> <span class='ocrx_word' id='word_1_139' title='bbox 778 2262 845 2306; x_wconf 88' lang='lat' dir='ltr'>esse</span> <span class='ocrx_word' id='word_1_140' title='bbox 873 2243 1007 2324; x_wconf 90' lang='lat' dir='ltr'>primam</span> <span class='ocrx_word' id='word_1_141' title='bbox 1029 2262 1173 2321; x_wconf 88' lang='lat' dir='ltr'>causam,</span> <span class='ocrx_word' id='word_1_142' title='bbox 1203 2260 1286 2323; x_wconf 90' lang='lat' dir='ltr'>quae</span> 
     </span>
     <span class='ocr_line' id='line_1_19' title="bbox 117 2340 1285 2421; baseline -0.003 -15"><span class='ocrx_word' id='word_1_143' title='bbox 117 2340 368 2421; x_wconf 89' lang='lat' dir='ltr'>compositiones</span> <span class='ocrx_word' id='word_1_144' title='bbox 390 2342 459 2406; x_wconf 90' lang='lat' dir='ltr'>illas</span> <span class='ocrx_word' id='word_1_145' title='bbox 480 2342 751 2406; x_wconf 85' lang='lat' dir='ltr'>substantivorum</span> <span class='ocrx_word' id='word_1_146' title='bbox 769 2346 800 2406; x_wconf 92' lang='lat' dir='ltr'>et</span> <span class='ocrx_word' id='word_1_147' title='bbox 822 2343 1048 2407; x_wconf 90' lang='lat' dir='ltr'>adiectivorum</span> <span class='ocrx_word' id='word_1_148' title='bbox 1072 2342 1208 2406; x_wconf 89' lang='lat' dir='ltr'>caesuris</span> <span class='ocrx_word' id='word_1_149' title='bbox 1228 2341 1285 2404; x_wconf 88' lang='lat' dir='ltr'>ad·</span> 
     </span>
     <span class='ocr_line' id='line_1_20' title="bbox 115 2439 1284 2524; baseline -0.003 -20"><span class='ocrx_word' id='word_1_150' title='bbox 115 2442 245 2504; x_wconf 87' lang='lat' dir='ltr'>strictas</span> <span class='ocrx_word' id='word_1_151' title='bbox 266 2441 296 2502; x_wconf 92' lang='lat' dir='ltr'>in</span> <span class='ocrx_word' id='word_1_152' title='bbox 320 2441 575 2522; x_wconf 88' lang='lat' dir='ltr'>carminibusque</span> <span class='ocrx_word' id='word_1_153' title='bbox 603 2440 705 2524; x_wconf 89' lang='lat' dir='ltr'>lyricis</span> <span class='ocrx_word' id='word_1_154' title='bbox 725 2461 819 2522; x_wconf 89' lang='lat' dir='ltr'>saepe</span> <span class='ocrx_word' id='word_1_155' title='bbox 844 2445 875 2504; x_wconf 88' lang='lat' dir='ltr'>et</span> <span class='ocrx_word' id='word_1_156' title='bbox 896 2442 1050 2505; x_wconf 88' lang='lat' dir='ltr'>subtiliter</span> <span class='ocrx_word' id='word_1_157' title='bbox 1072 2440 1231 2504; x_wconf 89' lang='lat' dir='ltr'>adhibitas</span> <span class='ocrx_word' id='word_1_158' title='bbox 1253 2439 1284 2502; x_wconf 91' lang='lat' dir='ltr'>in</span> 
     </span>
    </p>
   </div>
   <div class='ocr_carea' id='block_1_4' title="bbox 115 2533 1284 2904">
    <p class='ocr_par' dir='ltr' id='par_1_4' title="bbox 115 2533 1284 2904">
     <span class='ocr_line' id='line_1_21' title="bbox 117 2533 1284 2624; baseline -0.003 -18"><span class='ocrx_word' id='word_1_159' title='bbox 117 2544 224 2606; x_wconf 89' lang='lat' dir='ltr'>lucem</span> <span class='ocrx_word' id='word_1_160' title='bbox 243 2542 418 2622; x_wconf 87' lang='lat' dir='ltr'>protulerit.</span> <span class='ocrx_word' id='word_1_161' title='bbox 453 2542 563 2624; x_wconf 86' lang='lat' dir='ltr'>Neque</span> <span class='ocrx_word' id='word_1_162' title='bbox 585 2543 694 2607; x_wconf 89' lang='lat' dir='ltr'>aliare</span> <span class='ocrx_word' id='word_1_163' title='bbox 716 2542 835 2605; x_wconf 87' lang='lat' dir='ltr'>inducti</span> <span class='ocrx_word' id='word_1_164' title='bbox 857 2562 974 2620; x_wconf 88' lang='lat' dir='ltr'>sumus,</span> <span class='ocrx_word' id='word_1_165' title='bbox 996 2545 1032 2606; x_wconf 94' lang='lat' dir='ltr'>ut</span> <span class='ocrx_word' id='word_1_166' title='bbox 1054 2542 1086 2605; x_wconf 93' lang='lat' dir='ltr'>in</span> <span class='ocrx_word' id='word_1_167' title='bbox 1102 2540 1164 2603; x_wconf 93' lang='lat' dir='ltr'>hac</span> <span class='ocrx_word' id='word_1_168' title='bbox 1181 2533 1284 2620; x_wconf 79' lang='lat' dir='ltr'>&#39;&#39;quae-</span> 
     </span>
     <span class='ocr_line' id='line_1_22' title="bbox 117 2639 1283 2725; baseline -0.005 -20"><span class='ocrx_word' id='word_1_169' title='bbox 117 2643 223 2705; x_wconf 85' lang='lat' dir='ltr'>stione</span> <span class='ocrx_word' id='word_1_170' title='bbox 250 2641 321 2723; x_wconf 91' lang='lat' dir='ltr'>plus</span> <span class='ocrx_word' id='word_1_171' title='bbox 342 2642 445 2723; x_wconf 88' lang='lat' dir='ltr'>operis</span> <span class='ocrx_word' id='word_1_172' title='bbox 477 2642 658 2725; x_wconf 91' lang='lat' dir='ltr'>laborisque</span> <span class='ocrx_word' id='word_1_173' title='bbox 689 2661 963 2723; x_wconf 85' lang='lat' dir='ltr'>consumeremus,</span> <span class='ocrx_word' id='word_1_174' title='bbox 996 2642 1054 2706; x_wconf 90' lang='lat' dir='ltr'>nisi</span> <span class='ocrx_word' id='word_1_175' title='bbox 1079 2642 1116 2704; x_wconf 89' lang='lat' dir='ltr'>ut</span> <span class='ocrx_word' id='word_1_176' title='bbox 1147 2639 1283 2720; x_wconf 90' lang='lat' dir='ltr'>primam</span> 
     </span>
     <span class='ocr_line' id='line_1_23' title="bbox 115 2738 1284 2825; baseline -0.004 -21"><span class='ocrx_word' id='word_1_177' title='bbox 115 2741 394 2823; x_wconf 90' lang='lat' dir='ltr'>principalemque</span> <span class='ocrx_word' id='word_1_178' title='bbox 417 2760 567 2820; x_wconf 89' lang='lat' dir='ltr'>causam,</span> <span class='ocrx_word' id='word_1_179' title='bbox 600 2763 683 2825; x_wconf 89' lang='lat' dir='ltr'>quae</span> <span class='ocrx_word' id='word_1_180' title='bbox 706 2741 814 2806; x_wconf 89' lang='lat' dir='ltr'>fuisset</span> <span class='ocrx_word' id='word_1_181' title='bbox 836 2740 1129 2823; x_wconf 76' lang='lat' dir='ltr'>compositionibuS,</span> <span class='ocrx_word' id='word_1_182' title='bbox 1149 2738 1284 2818; x_wconf 88' lang='lat' dir='ltr'>indaga-</span> 
     </span>
     <span class='ocr_line' id='line_1_24' title="bbox 116 2859 235 2904; baseline -0.017 0"><span class='ocrx_word' id='word_1_183' title='bbox 116 2859 235 2904; x_wconf 90' lang='lat' dir='ltr'>remus.</span> 
     </span>
    </p>
   </div>
   <div class='ocr_carea' id='block_1_5' title="bbox 116 2961 1286 4338">
    <p class='ocr_par' dir='ltr' id='par_1_5' title="bbox 116 2961 1286 4338">
     <span class='ocr_line' id='line_1_25' title="bbox 202 2961 1282 3046; baseline -0.005 -18"><span class='ocrx_word' id='word_1_184' title='bbox 202 2964 266 3028; x_wconf 91' lang='lat' dir='ltr'>Sed</span> <span class='ocrx_word' id='word_1_185' title='bbox 279 2965 358 3031; x_wconf 89' lang='lat' dir='ltr'>haec</span> <span class='ocrx_word' id='word_1_186' title='bbox 374 2964 501 3046; x_wconf 92' lang='lat' dir='ltr'>quidem</span> <span class='ocrx_word' id='word_1_187' title='bbox 519 2964 690 3039; x_wconf 80' lang='lat' dir='ltr'>hactenus3</span> <span class='ocrx_word' id='word_1_188' title='bbox 711 2968 837 3046; x_wconf 90' lang='lat' dir='ltr'>tempus</span> <span class='ocrx_word' id='word_1_189' title='bbox 858 2967 906 3027; x_wconf 86' lang='lat' dir='ltr'>est</span> <span class='ocrx_word' id='word_1_190' title='bbox 925 2961 1101 3038; x_wconf 91' lang='lat' dir='ltr'>ostendere,</span> <span class='ocrx_word' id='word_1_191' title='bbox 1125 2963 1282 3044; x_wconf 88' lang='lat' dir='ltr'>quantum</span> 
     </span>
     <span class='ocr_line' id='line_1_26' title="bbox 116 3060 1285 3146; baseline -0.002 -22"><span class='ocrx_word' id='word_1_192' title='bbox 116 3062 150 3124; x_wconf 91' lang='lat' dir='ltr'>in</span> <span class='ocrx_word' id='word_1_193' title='bbox 166 3060 292 3126; x_wconf 90' lang='lat' dir='ltr'>Horatii</span> <span class='ocrx_word' id='word_1_194' title='bbox 312 3065 503 3128; x_wconf 89' lang='lat' dir='ltr'>carminibus</span> <span class='ocrx_word' id='word_1_195' title='bbox 523 3064 660 3146; x_wconf 89' lang='lat' dir='ltr'>spatium</span> <span class='ocrx_word' id='word_1_196' title='bbox 680 3065 823 3145; x_wconf 86' lang='lat' dir='ltr'>singulae</span> <span class='ocrx_word' id='word_1_197' title='bbox 839 3065 1005 3144; x_wconf 89' lang='lat' dir='ltr'>occupent.</span> <span class='ocrx_word' id='word_1_198' title='bbox 1045 3060 1116 3138; x_wconf 89' lang='lat' dir='ltr'>Qua</span> <span class='ocrx_word' id='word_1_199' title='bbox 1136 3080 1171 3124; x_wconf 90' lang='lat' dir='ltr'>re</span> <span class='ocrx_word' id='word_1_200' title='bbox 1192 3079 1285 3123; x_wconf 88' lang='lat' dir='ltr'>accu-</span> 
     </span>
     <span class='ocr_line' id='line_1_27' title="bbox 117 3159 1286 3245; baseline -0.003 -21"><span class='ocrx_word' id='word_1_201' title='bbox 117 3165 190 3225; x_wconf 88' lang='lat' dir='ltr'>rate</span> <span class='ocrx_word' id='word_1_202' title='bbox 212 3163 337 3242; x_wconf 88' lang='lat' dir='ltr'>cognita</span> <span class='ocrx_word' id='word_1_203' title='bbox 359 3163 563 3244; x_wconf 86' lang='lat' dir='ltr'>explanatum</span> <span class='ocrx_word' id='word_1_204' title='bbox 586 3164 676 3227; x_wconf 92' lang='lat' dir='ltr'>nobis</span> <span class='ocrx_word' id='word_1_205' title='bbox 699 3184 766 3227; x_wconf 92' lang='lat' dir='ltr'>esse</span> <span class='ocrx_word' id='word_1_206' title='bbox 789 3163 918 3245; x_wconf 90' lang='lat' dir='ltr'>poterit,</span> <span class='ocrx_word' id='word_1_207' title='bbox 941 3180 1037 3243; x_wconf 91' lang='lat' dir='ltr'>quam</span> <span class='ocrx_word' id='word_1_208' title='bbox 1061 3160 1124 3222; x_wconf 93' lang='lat' dir='ltr'>vim</span> <span class='ocrx_word' id='word_1_209' title='bbox 1148 3159 1286 3221; x_wconf 87' lang='lat' dir='ltr'>auctori-</span> 
     </span>
     <span class='ocr_line' id='line_1_28' title="bbox 117 3257 1285 3343; baseline -0.003 -20"><span class='ocrx_word' id='word_1_210' title='bbox 117 3264 286 3342; x_wconf 90' lang='lat' dir='ltr'>tatemque</span> <span class='ocrx_word' id='word_1_211' title='bbox 308 3262 365 3325; x_wconf 90' lang='lat' dir='ltr'>sibi</span> <span class='ocrx_word' id='word_1_212' title='bbox 381 3266 490 3343; x_wconf 88' lang='lat' dir='ltr'>poscat</span> <span class='ocrx_word' id='word_1_213' title='bbox 512 3262 570 3326; x_wconf 87' lang='lat' dir='ltr'>hoc</span> <span class='ocrx_word' id='word_1_214' title='bbox 589 3283 688 3343; x_wconf 85' lang='lat' dir='ltr'>genus</span> <span class='ocrx_word' id='word_1_215' title='bbox 708 3261 875 3342; x_wconf 84' lang='lat' dir='ltr'>formandi,</span> <span class='ocrx_word' id='word_1_216' title='bbox 897 3266 1005 3324; x_wconf 92' lang='lat' dir='ltr'>utrum</span> <span class='ocrx_word' id='word_1_217' title='bbox 1026 3261 1057 3323; x_wconf 93' lang='lat' dir='ltr'>in</span> <span class='ocrx_word' id='word_1_218' title='bbox 1080 3257 1285 3321; x_wconf 88' lang='lat' dir='ltr'>diiudicanda</span> 
     </span>
     <span class='ocr_line' id='line_1_29' title="bbox 119 3357 1285 3444; baseline -0.004 -21"><span class='ocrx_word' id='word_1_219' title='bbox 119 3360 257 3424; x_wconf 84' lang='lat' dir='ltr'>canendi</span> <span class='ocrx_word' id='word_1_220' title='bbox 283 3365 351 3425; x_wconf 90' lang='lat' dir='ltr'>arte</span> <span class='ocrx_word' id='word_1_221' title='bbox 373 3361 474 3428; x_wconf 78' lang='lat' dir='ltr'>l‘lacoi</span> <span class='ocrx_word' id='word_1_222' title='bbox 500 3383 636 3444; x_wconf 88' lang='lat' dir='ltr'>parvum</span> <span class='ocrx_word' id='word_1_223' title='bbox 669 3364 774 3427; x_wconf 89' lang='lat' dir='ltr'>valeat</span> <span class='ocrx_word' id='word_1_224' title='bbox 794 3380 903 3426; x_wconf 90' lang='lat' dir='ltr'>necne.</span> <span class='ocrx_word' id='word_1_225' title='bbox 946 3358 1206 3440; x_wconf 88' lang='lat' dir='ltr'>Contemplemur</span> <span class='ocrx_word' id='word_1_226' title='bbox 1229 3357 1285 3436; x_wconf 85' lang='lat' dir='ltr'>igi·</span> 
     </span>
     <span class='ocr_line' id='line_1_30' title="bbox 117 3457 1284 3542; baseline -0.003 -20"><span class='ocrx_word' id='word_1_227' title='bbox 117 3463 189 3540; x_wconf 90' lang='lat' dir='ltr'>tur,</span> <span class='ocrx_word' id='word_1_228' title='bbox 220 3461 244 3523; x_wconf 91' lang='lat' dir='ltr'>si</span> <span class='ocrx_word' id='word_1_229' title='bbox 266 3461 381 3542; x_wconf 91' lang='lat' dir='ltr'>placet,</span> <span class='ocrx_word' id='word_1_230' title='bbox 414 3462 531 3526; x_wconf 87' lang='lat' dir='ltr'>formas</span> <span class='ocrx_word' id='word_1_231' title='bbox 553 3462 564 3525; x_wconf 91' lang='lat'>1</span> <span class='ocrx_word' id='word_1_232' title='bbox 587 3466 618 3526; x_wconf 90' lang='lat' dir='ltr'>et</span> <span class='ocrx_word' id='word_1_233' title='bbox 638 3462 673 3526; x_wconf 92' lang='lat' dir='ltr'>ll.</span> <span class='ocrx_word' id='word_1_234' title='bbox 716 3462 804 3526; x_wconf 90' lang='lat' dir='ltr'>Haec</span> <span class='ocrx_word' id='word_1_235' title='bbox 827 3465 932 3525; x_wconf 88' lang='lat' dir='ltr'>autem</span> <span class='ocrx_word' id='word_1_236' title='bbox 957 3479 1064 3524; x_wconf 87' lang='lat' dir='ltr'>earum</span> <span class='ocrx_word' id='word_1_237' title='bbox 1087 3457 1206 3520; x_wconf 88' lang='lat' dir='ltr'>indoles</span> <span class='ocrx_word' id='word_1_238' title='bbox 1229 3461 1284 3533; x_wconf 91' lang='lat' dir='ltr'>est,</span> 
     </span>
     <span class='ocr_line' id='line_1_31' title="bbox 120 3556 1284 3644; baseline -0.005 -20"><span class='ocrx_word' id='word_1_239' title='bbox 120 3564 157 3624; x_wconf 93' lang='lat' dir='ltr'>ut</span> <span class='ocrx_word' id='word_1_240' title='bbox 177 3560 262 3623; x_wconf 90' lang='lat' dir='ltr'>duae</span> <span class='ocrx_word' id='word_1_241' title='bbox 284 3580 390 3640; x_wconf 79' lang='lat' dir='ltr'>voceS,</span> <span class='ocrx_word' id='word_1_242' title='bbox 412 3581 495 3643; x_wconf 87' lang='lat' dir='ltr'>quae</span> <span class='ocrx_word' id='word_1_243' title='bbox 516 3564 548 3626; x_wconf 88' lang='lat' dir='ltr'>in</span> <span class='ocrx_word' id='word_1_244' title='bbox 570 3582 664 3644; x_wconf 90' lang='lat' dir='ltr'>prosa</span> <span class='ocrx_word' id='word_1_245' title='bbox 687 3563 831 3627; x_wconf 89' lang='lat' dir='ltr'>oratione</span> <span class='ocrx_word' id='word_1_246' title='bbox 854 3579 954 3641; x_wconf 91' lang='lat' dir='ltr'>usque</span> <span class='ocrx_word' id='word_1_247' title='bbox 973 3558 1222 3636; x_wconf 89' lang='lat' dir='ltr'>coniunguntur,</span> <span class='ocrx_word' id='word_1_248' title='bbox 1252 3556 1284 3618; x_wconf 91' lang='lat' dir='ltr'>in</span> 
     </span>
     <span class='ocr_line' id='line_1_32' title="bbox 121 3654 1284 3742; baseline -0.007 -19"><span class='ocrx_word' id='word_1_249' title='bbox 121 3658 315 3734; x_wconf 76' lang='lat' dir='ltr'>carminibus</span> <span class='ocrx_word' id='word_1_250' title='bbox 336 3660 560 3740; x_wconf 90' lang='lat' dir='ltr'>seiungantur,</span> <span class='ocrx_word' id='word_1_251' title='bbox 591 3660 685 3742; x_wconf 89' lang='lat' dir='ltr'>idque</span> <span class='ocrx_word' id='word_1_252' title='bbox 715 3679 779 3723; x_wconf 92' lang='lat' dir='ltr'>non</span> <span class='ocrx_word' id='word_1_253' title='bbox 809 3659 910 3723; x_wconf 85' lang='lat' dir='ltr'>solum</span> <span class='ocrx_word' id='word_1_254' title='bbox 944 3657 979 3720; x_wconf 90' lang='lat' dir='ltr'>fit</span> <span class='ocrx_word' id='word_1_255' title='bbox 1004 3675 1069 3718; x_wconf 89' lang='lat' dir='ltr'>una</span> <span class='ocrx_word' id='word_1_256' title='bbox 1091 3673 1167 3717; x_wconf 89' lang='lat' dir='ltr'>voce</span> <span class='ocrx_word' id='word_1_257' title='bbox 1188 3654 1284 3717; x_wconf 86' lang='lat' dir='ltr'>inter·</span> 
     </span>
     <span class='ocr_line' id='line_1_33' title="bbox 121 3753 1282 3842; baseline -0.007 -20"><span class='ocrx_word' id='word_1_258' title='bbox 121 3757 273 3836; x_wconf 89' lang='lat' dir='ltr'>cedente,</span> <span class='ocrx_word' id='word_1_259' title='bbox 302 3760 389 3842; x_wconf 91' lang='lat' dir='ltr'>quod</span> <span class='ocrx_word' id='word_1_260' title='bbox 414 3762 539 3824; x_wconf 91' lang='lat' dir='ltr'>evenire</span> <span class='ocrx_word' id='word_1_261' title='bbox 569 3759 649 3824; x_wconf 91' lang='lat' dir='ltr'>solet</span> <span class='ocrx_word' id='word_1_262' title='bbox 676 3761 708 3823; x_wconf 92' lang='lat' dir='ltr'>in</span> <span class='ocrx_word' id='word_1_263' title='bbox 737 3760 785 3824; x_wconf 92' lang='lat' dir='ltr'>his</span> <span class='ocrx_word' id='word_1_264' title='bbox 816 3758 921 3822; x_wconf 90' lang='lat' dir='ltr'>formis</span> <span class='ocrx_word' id='word_1_265' title='bbox 949 3755 961 3818; x_wconf 94' lang='lat' dir='ltr'>l</span> <span class='ocrx_word' id='word_1_266' title='bbox 989 3759 1019 3818; x_wconf 91' lang='lat' dir='ltr'>et</span> <span class='ocrx_word' id='word_1_267' title='bbox 1040 3754 1074 3831; x_wconf 94' lang='lat' dir='ltr'>ll,</span> <span class='ocrx_word' id='word_1_268' title='bbox 1100 3753 1156 3816; x_wconf 90' lang='lat' dir='ltr'>sed</span> <span class='ocrx_word' id='word_1_269' title='bbox 1187 3754 1282 3815; x_wconf 90' lang='lat' dir='ltr'>etiam</span> 
     </span>
     <span class='ocr_line' id='line_1_34' title="bbox 122 3851 1284 3940; baseline -0.006 -20"><span class='ocrx_word' id='word_1_270' title='bbox 122 3858 280 3939; x_wconf 90' lang='lat' dir='ltr'>pluribus,</span> <span class='ocrx_word' id='word_1_271' title='bbox 310 3859 395 3940; x_wconf 91' lang='lat' dir='ltr'>quod</span> <span class='ocrx_word' id='word_1_272' title='bbox 417 3859 554 3923; x_wconf 92' lang='lat' dir='ltr'>occurrit</span> <span class='ocrx_word' id='word_1_273' title='bbox 581 3861 612 3922; x_wconf 93' lang='lat' dir='ltr'>in</span> <span class='ocrx_word' id='word_1_274' title='bbox 639 3859 759 3924; x_wconf 86' lang='lat' dir='ltr'>ceteris.</span> <span class='ocrx_word' id='word_1_275' title='bbox 804 3857 905 3934; x_wconf 77' lang='lat' dir='ltr'>Quid?</span> <span class='ocrx_word' id='word_1_276' title='bbox 934 3872 1039 3918; x_wconf 90' lang='lat' dir='ltr'>nonne</span> <span class='ocrx_word' id='word_1_277' title='bbox 1070 3857 1183 3934; x_wconf 89' lang='lat' dir='ltr'>putare</span> <span class='ocrx_word' id='word_1_278' title='bbox 1213 3851 1284 3914; x_wconf 92' lang='lat' dir='ltr'>licet</span> 
     </span>
     <span class='ocr_line' id='line_1_35' title="bbox 122 3950 1283 4040; baseline -0.009 -18"><span class='ocrx_word' id='word_1_279' title='bbox 122 3959 209 4022; x_wconf 90' lang='lat' dir='ltr'>hunc</span> <span class='ocrx_word' id='word_1_280' title='bbox 238 3977 331 4021; x_wconf 90' lang='lat' dir='ltr'>usum</span> <span class='ocrx_word' id='word_1_281' title='bbox 360 3958 460 4040; x_wconf 90' lang='lat' dir='ltr'>poetis</span> <span class='ocrx_word' id='word_1_282' title='bbox 483 3958 585 4040; x_wconf 88' lang='lat' dir='ltr'>lyricis</span> <span class='ocrx_word' id='word_1_283' title='bbox 618 3958 712 4023; x_wconf 87' lang='lat' dir='ltr'>fuisse</span> <span class='ocrx_word' id='word_1_284' title='bbox 741 3979 800 4040; x_wconf 93' lang='lat' dir='ltr'>pro</span> <span class='ocrx_word' id='word_1_285' title='bbox 822 3959 931 4020; x_wconf 93' lang='lat' dir='ltr'>nostro</span> <span class='ocrx_word' id='word_1_286' title='bbox 961 3951 1207 4016; x_wconf 90' lang='lat' dir='ltr'>homoioteleuto</span> <span class='ocrx_word' id='word_1_287' title='bbox 1234 3950 1283 4014; x_wconf 94' lang='lat' dir='ltr'>vel</span> 
     </span>
     <span class='ocr_line' id='line_1_36' title="bbox 122 4051 1282 4138; baseline -0.009 -17"><span class='ocrx_word' id='word_1_288' title='bbox 122 4061 337 4122; x_wconf 86' lang='lat' dir='ltr'>extremarum</span> <span class='ocrx_word' id='word_1_289' title='bbox 357 4056 551 4138; x_wconf 86' lang='lat' dir='ltr'>syllabarum</span> <span class='ocrx_word' id='word_1_290' title='bbox 573 4056 664 4120; x_wconf 91' lang='lat' dir='ltr'>simili</span> <span class='ocrx_word' id='word_1_291' title='bbox 682 4057 805 4133; x_wconf 90' lang='lat' dir='ltr'>sonitu,</span> <span class='ocrx_word' id='word_1_292' title='bbox 829 4075 922 4138; x_wconf 90' lang='lat' dir='ltr'>quem</span> <span class='ocrx_word' id='word_1_293' title='bbox 949 4053 989 4116; x_wconf 92' lang='lat' dir='ltr'>illi</span> <span class='ocrx_word' id='word_1_294' title='bbox 1011 4069 1075 4114; x_wconf 94' lang='lat' dir='ltr'>non</span> <span class='ocrx_word' id='word_1_295' title='bbox 1100 4051 1282 4112; x_wconf 79' lang='lat' dir='ltr'>curassent?</span> 
     </span>
     <span class='ocr_line' id='line_1_37' title="bbox 121 4147 1283 4238; baseline -0.009 -18"><span class='ocrx_word' id='word_1_296' title='bbox 121 4157 234 4237; x_wconf 88' lang='lat' dir='ltr'>ltaque</span> <span class='ocrx_word' id='word_1_297' title='bbox 254 4175 317 4221; x_wconf 92' lang='lat' dir='ltr'>non</span> <span class='ocrx_word' id='word_1_298' title='bbox 338 4155 520 4219; x_wconf 88' lang='lat' dir='ltr'>mirandum</span> <span class='ocrx_word' id='word_1_299' title='bbox 543 4159 599 4234; x_wconf 89' lang='lat' dir='ltr'>est,</span> <span class='ocrx_word' id='word_1_300' title='bbox 623 4158 712 4238; x_wconf 90' lang='lat' dir='ltr'>quod</span> <span class='ocrx_word' id='word_1_301' title='bbox 726 4156 875 4220; x_wconf 87' lang='lat' dir='ltr'>Horatius</span> <span class='ocrx_word' id='word_1_302' title='bbox 892 4171 1009 4235; x_wconf 89' lang='lat' dir='ltr'>magna</span> <span class='ocrx_word' id='word_1_303' title='bbox 1027 4148 1188 4228; x_wconf 90' lang='lat' dir='ltr'>diligentia</span> <span class='ocrx_word' id='word_1_304' title='bbox 1210 4147 1283 4210; x_wconf 90' lang='lat' dir='ltr'>huic</span> 
     </span>
     <span class='ocr_line' id='line_1_38' title="bbox 123 4247 1283 4338; baseline -0.001 -20"><span class='ocrx_word' id='word_1_305' title='bbox 123 4257 195 4318; x_wconf 88' lang='lat' dir='ltr'>usui</span> <span class='ocrx_word' id='word_1_306' title='bbox 217 4255 357 4319; x_wconf 86' lang='lat' dir='ltr'>incubuit</span> <span class='ocrx_word' id='word_1_307' title='bbox 378 4274 480 4338; x_wconf 86' lang='lat' dir='ltr'>eoque</span> <span class='ocrx_word' id='word_1_308' title='bbox 503 4256 597 4333; x_wconf 88' lang='lat' dir='ltr'>duce,</span> <span class='ocrx_word' id='word_1_309' title='bbox 621 4258 777 4336; x_wconf 90' lang='lat' dir='ltr'>quantum</span> <span class='ocrx_word' id='word_1_310' title='bbox 801 4257 867 4319; x_wconf 89' lang='lat' dir='ltr'>lieri</span> <span class='ocrx_word' id='word_1_311' title='bbox 890 4261 1004 4337; x_wconf 89' lang='lat' dir='ltr'>potuit,</span> <span class='ocrx_word' id='word_1_312' title='bbox 1034 4247 1174 4318; x_wconf 80' lang='lat' dir='ltr'>carmina</span> <span class='ocrx_word' id='word_1_313' title='bbox 1196 4265 1283 4309; x_wconf 76' lang='lat'>00111·</span> 
     </span>
    </p>
   </div>
   <div class='ocr_carea' id='block_1_6' title="bbox 178 4363 1134 4442">
    <p class='ocr_par' dir='ltr' id='par_1_6' title="bbox 178 4363 1134 4442">
     <span class='ocr_line' id='line_1_39' title="bbox 178 4363 1134 4442; baseline 0.001 -12"><span class='ocrx_word' id='word_1_314' title='bbox 178 4391 326 4442; x_wconf 71' lang='lat' dir='ltr'>(Retchudtr.</span> <span class='ocrx_word' id='word_1_315' title='bbox 692 4387 694 4394; x_wconf 91' lang='lat'>&#39;</span> <span class='ocrx_word' id='word_1_316' title='bbox 1117 4363 1134 4413; x_wconf 84' lang='lat'><strong>3</strong></span> 
     </span>
    </p>
   </div>
   <div class='ocr_carea' id='block_1_7' title="bbox 0 0 1636 5102">
    <p class='ocr_par' dir='ltr' id='par_1_7' title="bbox 0 0 1636 5102">
     <span class='ocr_line' id='line_1_40' title="bbox 0 0 1636 5102; baseline 0 0"><span class='ocrx_word' id='word_1_317' title='bbox 0 0 1636 5102; x_wconf 95' lang='lat' dir='ltr'> </span> 
     </span>
    </p>
   </div>
  </div>
 </body>
</html>
