3262 5102
672 447 712 510 69

9 703 10 718 ¹
106 626 239 691 Ceterae
264 644 392 710 quoque
421 624 542 688 formae
571 625 602 686 in
633 626 815 688 universum
844 644 917 702 raro
945 623 1149 704 exhibentur,
1189 646 1264 690 nam

105 726 276 790 forman
300 726 331 788 in
354 724 481 806 Sulpicii
504 725 642 788 carmine
664 725 795 801 desunt,
825 725 854 787 in
878 723 1004 788 Pbocae
1032 727 1079 788 ter
1107 725 1265 806 leguntur.

105 825 231 890 Paulini
269 844 345 887 vcro
378 843 436 887 nos
476 824 717 888 commonefacit
749 822 877 904 Sulpicii
917 841 1010 898 usae,
1051 843 1116 905 quo
1154 825 1266 905 singuli
1309 877 1314 892 ,

105 925 215 990 adonii
247 943 303 1005 per
333 923 468 986 formam
497 923 524 986 Y
555 942 626 986 cum
656 923 864 986 antecedente
900 922 1163 1005 hendecasyllabo
1191 943 1266 987 con-

9 1011 10 1056 l
104 1026 205 1088 iuncti
222 1026 296 1086 sunt
313 1022 432 1102 (versus
452 1022 477 1084 7.
494 1023 513 1084 8
530 1024 624 1092 etiam
643 1023 713 1100 bis),
737 1022 818 1085 idern
838 1023 962 1084 veroin
983 1021 1110 1086 Phocae
1127 1024 1264 1088 carmine

9 1107 11 1166 l
105 1125 139 1186 111
173 1122 279 1186 semel.
331 1123 374 1184 At
407 1120 592 1202 anaphoras
626 1125 656 1184 et
687 1121 815 1184 chiasmi
848 1121 990 1202 exempla
1026 1122 1168 1186 notanda
1202 1141 1265 1186 non

9 1225 10 1274 1
104 1223 222 1286 inveni.

188 1337 222 1398 ln
246 1335 386 1399 versibus
407 1338 532 1411 autem,
564 1353 642 1416 quos
664 1335 774 1416 panxit
793 1334 1020 1411 ‘Luxoriu3,
1049 1336 1179 1398 omnino
1202 1354 1265 1398 non

9 1497 10 1508 ,
103 1436 175 1516 plus
200 1441 245 1498 ter
268 1435 505 1516 conspiciuntur.
524 1436 644 1497 formae
664 1434 701 1498 X.
746 1433 939 1515 Anaphorae
964 1454 1090 1516 quoque
1116 1435 1266 1516 exemplis

9 1581 10 1584 ,
101 1533 373 1615 singulariumque
407 1533 671 1612 compositionum
703 1533 954 1615 haudquaquam
987 1533 1155 1596 abundant
1190 1554 1265 1616 poe-

9 1695 10 1726 }
102 1638 209 1711 mata,
240 1653 312 1696 narn
345 1633 428 1697 solus
457 1651 565 1696 versus
587 1633 662 1710 313,
685 1634 705 1698 8
730 1633 862 1696 fortasse
889 1633 1004 1712 dignus
1033 1638 1097 1709 est,
1126 1635 1182 1715 qui
1210 1636 1266 1699 ad-

9 1727 10 1774 t
101 1733 278 1796 scribatur:

304 1831 337 1892 ln
358 1829 468 1893 luxum
491 1850 642 1912 cupere
661 1833 666 1909 Ι
685 1829 739 1895 sed
762 1851 851 1909 maye
872 1832 1066 1896 vendere.

9 2003 10 2006 ,
101 1947 165 2010 Sed
191 1946 221 2009 in
244 1947 376 2010 exitibus
395 1966 543 2010 versuum
567 1948 637 2023 358,
655 1948 683 2010 9.
703 1949 740 2011 10
763 1967 858 2029 prave
876 1947 999 2011 traditis
1017 1952 1268 2028 nupovopam'ar

102 2046 199 2110 deleri
222 2065 315 2126 aegre
337 2045 475 2109 ferimus,
519 2045 655 2110 Carmen
679 2049 739 2110 314
769 2047 888 2111 nullam
921 2047 1062 2128 prolecto
1093 2049 1264 2112 formarum

103 2145 252 2208 similium
277 2145 443 2208 ostendere
468 2151 579 2227 potest.

188 2261 391 2342 singularem
418 2261 523 2325 locum
559 2262 680 2326 obtinet
709 2264 827 2326 Ascle
838 2263 966 2344 piadii
1005 2283 1152 2342 carmen,
1191 2284 1266 2328 nam

105 2380 185 2444 quas
216 2361 333 2425 tonnas
360 2362 401 2425 ab
426 2362 572 2424 omnibus
596 2361 721 2426 vatibus
744 2366 888 2445 usurpari
911 2362 1076 2440 videmus,
1104 2365 1133 2426 in
1164 2364 1266 2445 priore

105 2463 248 2526 carmine
270 2460 356 2525 nullo
379 2462 474 2525 modo
500 2464 659 2526 eveniunt.
702 2463 825 2526 Etenim
853 2463 974 2527 formae
1001 2464 1030 2543 l,
1065 2463 1108 2543 ll,
1139 2463 1191 2540 Ill,
1220 2463 1268 2540 1²,

105 2562 157 2624 111⁸
181 2563 312 2639 desunt,
341 2563 427 2643 quod
448 2582 543 2644 supra
565 2567 611 2626 est
633 2563 906 2636 demonstratnm3
944 2564 1065 2626 formae
1087 2562 1116 2625 X
1139 2581 1267 2644 quoque

105 2661 287 2742 exemplum
318 2681 433 2743 purum
466 2668 495 2725 et
526 2663 732 2726 emendatum
763 2662 813 2726 viic
841 2663 1017 2743 investiges
1068 2663 1110 2725 At
1140 2681 1267 2744 compo-

105 2763 246 2838 sitiones
266 2781 348 2844 quae
371 2763 525 2843 pertinent
548 2763 589 2825 ad
613 2763 810 2844 anaphoram
834 2767 863 2826 et
883 2762 1059 2827 chiasrnum
1080 2761 1268 2843 similesque,

105 2865 148 2928 ita
174 2868 250 2926 sunt
279 2865 462 2940 acervatae,
490 2867 526 2924 ut
558 2863 621 2926 fere
652 2863 757 2926 nullus
785 2881 894 2927 versus
921 2868 1030 2928 careat
1052 2863 1102 2927 vel
1132 2882 1195 2926 una
1219 2863 1269 2936 vel
1360 2851 1363 2872 ‘

9 2999 11 3060 ᾗ
104 2965 214 3028 altera.
267 2963 376 3044 ltaque
407 2962 479 3025 huic
512 2963 557 3026 rei
586 2963 813 3045 propositoque
845 2967 1061 3044 opportunum
1095 2967 1179 3026 certe
1212 2967 1268 3040 est,

9 3139 10 3144 ἵ
105 3081 235 3129 carmen
258 3063 365 3125 lorinis
388 3061 520 3142 propriis
542 3062 711 3142 designatis
734 3066 835 3126 totum
858 3063 1054 3126 adscribere:

273 3163 300 3228 O
323 3163 460 3257 Fortuna
482 3165 627 3243 potens
647 3165 650 3238 l
670 3169 700 3226 et
724 3163 855 3226 nimium
880 3164 1001 3239 levis,

274 3264 414 3327 Tantum
437 3263 511 3325 iuris
533 3267 652 3326 atrox
671 3262 675 3341 l
694 3283 758 3344 qua
781 3264 835 3326 tibi
857 3264 1006 3340 vindicas,

275 3360 474 3444 llrertisque
496 3363 606 3444 bonor,
627 3367 631 3440 Ι
651 3360 760 3443 erigis
782 3363 940 3443 inprobos,

221 3485 224 3490 ·
275 3465 339 3530 Nec
361 3482 486 3527 servare
509 3466 598 3543 potes
621 3462 826 3543 lmunerib'us
849 3463 954 3527 fidem.

277 3632 458 3696 Fortuna
481 3632 652 3695 immeritos
672 3635 676 3704 Ι
695 3576 791 3711 auaget
811 3560 1001 3714 bonadibm,

278 3717 461 3919 l'olcdunai
480 3713 632 3847 londonae
650 3785 654 3864 1
675 3712 828 3933 dedignas
852 3731 957 3922 alligit.

278 3937 411 4000 lustos
431 3938 488 4000 illo
511 3937 621 3999 viros
641 3937 645 4013 1
663 3932 824 4018 pauperia
847 3940 968 4016 gravat,

277 4051 474 4184 lndiegnos
496 4034 603 4169 euclem
622 4103 626 4182 1
645 4039 780 4170 divilsiis
801 4055 884 4169 ndat.

277 4271 366 4339 Haeo
387 4221 489 4340 aulert
512 4203 639 4338 iuvdnes
659 4278 664 4349 1
683 4293 719 4338 ac
741 4221 852 4340 retinet
873 4203 973 4348 sedes,
