3262 5102
653 437 717 510 57·

115 621 208 703 posteri
226 623 333 684 autem
354 617 519 698 paululum
539 624 684 702 expertes
703 619 779 684 facti
793 623 868 683 sunt
885 620 1049 698 sentiendi,
1071 621 1148 702 quid
1165 621 1247 685 hene

45 741 46 748 ¹
115 721 284 802 pulchreque
304 721 448 794 sonaret,
470 720 548 800 quid
570 720 684 784 minus.
758 717 763 728 '

177 819 315 900 Denique
337 837 535 898 quamquam
564 819 596 883 in
626 818 808 883 universum
838 823 924 883 certo
954 819 1106 884 affirmari
1133 822 1246 900 potest,

116 920 212 982 nulum
231 923 303 1001 post
324 917 493 981 Horatium
516 918 649 982 inveniri
669 919 815 995 tonnam,
838 938 904 1000 qua
924 938 989 982 non
1012 918 1079 1000 ipse
1100 918 1140 983 sit
1162 938 1247 994 usus,

117 1017 250 1081 Ausonius
274 1016 439 1098 quandam
467 1017 620 1094 ostendit,
651 1036 735 1100 quae
763 1018 850 1099 apud
870 1018 1020 1081 Flaccum
1042 1018 1146 1096 deest,
1177 1017 1248 1081 dico

117 1117 201 1194 talem,
222 1135 284 1198 qua
301 1135 364 1180 vox
384 1135 467 1197 quae
488 1115 608 1180 claudit
624 1116 800 1198 stropham,
821 1116 934 1180 eadem
954 1117 1064 1199 incipit
1081 1116 1248 1199 stropham

118 1221 291 1298 sequentem,
315 1218 394 1296 puta
418 1216 451 1293 1,
471 1216 500 1278 4.
518 1217 553 1278 5:
830 1281 833 1290 ,

488 1313 663 1392 Parmeno,
687 1313 849 1378 dormis.

311 1413 529 1477 Dormiunt
550 1413 643 1494 glires
661 1412 665 1492 l
684 1413 822 1476 hiemem
844 1431 1027 1494 perennem.

180 1512 287 1576 Parem
309 1511 498 1594 positionem
522 1511 554 1575 in
575 1510 736 1594 sapphicis
758 1509 909 1575 Horatius
930 1530 996 1574 non
1018 1509 1161 1586 exhibet,
1186 1510 1249 1574 for-

119 1613 182 1674 tusse
202 1611 337 1692 alquam
360 1609 633 1691 comparationem
655 1609 777 1673 habent
797 1630 826 1672 v.
850 1609 876 1686 l,
902 1609 938 1686 t,
960 1609 989 1671 4.
1006 1609 1041 1671 5:

526 1711 679 1774 terruit
700 1709 812 1774 urbem

346 1808 499 1872 terruit
521 1813 646 1889 gentes,
667 1810 670 1889 l
689 1829 788 1890 grave
809 1828 849 1873 ne
871 1806 998 1872 rediret.

550 1983 753 2052 Prudentius
767 1985 798 2068 ¹).

182 2098 301 2164 Obtinet
321 2102 536 2185 principatum
559 2104 640 2166 inter
660 2103 771 2185 poetas
791 2100 979 2165 christianos
1000 2097 1148 2168 Aurelius
1169 2098 1250 2161 Pru-

122 2190 234 2275 dentius,
266 2200 320 2282 qui
353 2221 426 2265 cum
457 2203 553 2266 variis
584 2202 693 2265 metris
720 2201 825 2266 varias
856 2219 907 2262 res
939 2201 1107 2275 tractaret,
1141 2217 1250 2262 versus

122 2297 223 2376 quoque
240 2302 270 2361 et
292 2300 508 2382 asclepiadeos
527 2307 558 2365 et
578 2301 748 2384 sapphicus
770 2305 801 2364 et
823 2298 959 2364 alcaicos
980 2297 1153 2361 memoriae
1175 2315 1249 2377 pro·

123 2386 191 2454 didit.
227 2395 288 2462 Nec
311 2418 331 2462 a
353 2399 485 2464 veritate
512 2399 679 2477 abhorret,
707 2399 794 2481 quod
816 2397 958 2461 nonnulli
978 2395 1011 2458 in
1037 2395 1087 2459 his
1108 2395 1251 2459 versibus

40 2557 42 2564 ,
123 2493 338 2560 aeuuationern
376 2499 541 2580 quandam
576 2499 813 2580 agnoscendam
846 2517 913 2561 esse
944 2495 1067 2560 Horatii
1097 2499 1171 2558 sunt
1198 2514 1251 2558 su·

40 2613 42 2622 ‘
123 2587 225 2670 Slicath
260 2598 316 2661 sed
355 2617 413 2663 nos
451 2619 579 2680 quoque
616 2619 680 2663 non
718 2617 887 2680 perperam
926 2595 1067 2660 iudicare
1105 2592 1251 2658 videmur

123 2684 243 2771 dicentes,
265 2716 383 2778 magna
406 2717 444 2761 ex
466 2703 557 2781 parte
579 2699 714 2763 eandem
736 2699 813 2761 artis
835 2701 866 2760 et
887 2695 1071 2778 disciplinae
1093 2694 1250 2758 rationem

124 2783 155 2846 ab
172 2789 289 2860 Horatio
318 2797 551 2880 discrepantem
582 2795 798 2862 inPrudentii
828 2796 932 2878 lyricis
960 2794 1123 2878 cognosci,
1152 2813 1251 2876 quam

124 2893 244 2967 aequales
264 2898 446 2981 posterique
472 2900 574 2981 magis
596 2899 762 2980 magisque
791 2896 996 2965 exercuerint.
1040 2895 1086 2959 Ea
1107 2914 1190 2976 quae
1212 2894 1252 2958 sit

122 3001 165 3048 suo
185 2990 244 3060 loco
266 2997 463 3078 exponimus

186 3107 331 3196 Strophas
349 3133 424 3178 vero
442 3115 613 3197 sapphicus
633 3113 800 3198 usurpavit
818 3111 965 3176 Aurelius
985 3111 1018 3174 in
1038 3110 1163 3174 duobus
1182 3129 1251 3174 car-

115 3200 248 3276 uuhhus:
295 3213 534 3278 cathemerinon
574 3215 642 3279 Vlll
687 3214 846 3297 (hymnus
886 3215 958 3294 post
996 3209 1168 3292 ieiunium')
1220 3215 1252 3276 et

122 3305 344 3394 peristephanon
358 3315 398 3378 lv
418 3313 642 3394 (inhonorem
660 3314 770 3379 decem
788 3318 819 3377 et
839 3317 910 3377 octo
923 3316 1101 3394 martyrum
1118 3311 1251 3376 Caesar·

127 3413 369 3496 augustanorum)
398 3419 429 3478 et
463 3415 538 3478 item
570 3413 776 3496 asclepiadeis
807 3413 983 3477 minoribus
1014 3413 1078 3476 duo
1109 3413 1252 3477 carmina

127 3507 253 3594 condidit,
293 3533 429 3596 quorum
469 3516 605 3579 alterum
645 3513 783 3596 strophis
821 3509 998 3576 constituit:
1051 3511 1187 3576 cathem.
1225 3513 1252 3574 V

127 3595 257 3684 thynnus
284 3615 327 3680 ad
356 3615 519 3679 incensum
549 3612 736 3694 lucemae'),
766 3613 902 3678 alterum
930 3611 1013 3672 nard
1037 3615 1149 3690 στίχον
1176 3632 1252 3677 con-

127 3697 201 3772 didit:
220 3715 313 3796 praef.
329 3719 428 3778 contr.
445 3714 628 3796 Symmach.
644 3715 665 3790 l,
689 3713 826 3795 denique
842 3711 982 3776 carmine
1001 3711 1170 3794 peristeph.
1182 3711 1252 3776 XIV

127 3793 227 3880 l‘passio
252 3815 385 3896 Agnetis
413 3813 563 3896 virginis’)
589 3812 872 3895 hendecasyllabos
901 3811 1037 3900 alcaicos
1068 3812 1125 3876 133
1152 3813 1253 3877 solute

40 3937 41 3940 =
127 3905 260 3980 coniunxit
288 3914 530 3998 (praefationem
560 3914 602 3978 ad
630 3917 733 3978 totum
762 3911 940 3976 carminum
967 3909 1081 3973 librum
1110 3911 1252 3990 consulto
1358 3923 1372 3935 “

127 4002 216 4088 omuiu

126 4109 289 4142 N..

127 4240 159 4302 hh
180 4170 357 4314 {plundentii
377 4177 500 4235 carmina
518 4177 559 4234 ed.
579 4177 733 4234 Dressel.
768 4177 828 4246 Lps.
849 4173 923 4230 1860.
941 4203 974 4214 -
993 4171 1126 4241 Mignc,
1149 4174 1252 4230 Patrol.

161 4295 164 4302 Α
209 4267 269 4321 .60.
