3262 5102
359 599 501 668 snm:
527 556 529 559 ’

604 709 622 746 a
699 692 718 745 b

576 763 748 829 nonenim
769 765 892 829 unius
911 765 916 844 Ι
934 799 1126 810 ·—-——-—

599 859 618 914 b
674 877 691 914 a

576 931 633 996 sed
653 950 712 995 nec
734 930 878 1011 uniusl

357 1033 544 1117 anaphoras
563 1031 666 1114 ligura
684 1035 851 1115 praeterea
872 1035 1037 1114 comparet
1057 1033 1090 1096 in
1114 1032 1160 1098 11.
1179 1035 1216 1099 15
1239 1033 1339 1119 (quos
1357 1074 1397 1082 -
1414 1039 1518 1120 quosl

358 1167 397 1176 -
416 1132 462 1196 17.
482 1133 519 1195 18
539 1127 667 1212 (ibis-
679 1127 760 1212 ibis’)
780 1167 820 1176 ·-
841 1131 889 1195 61.
906 1132 945 1196 63
968 1129 1062 1212 (cum
1074 1132 1298 1214 -cum’)171)
1320 1132 1431 1214 (‘sit--
1444 1137 1517 1218 sit').

438 1278 606 1344 Proximus
628 1276 752 1360 scripsit
780 1278 1063 1360 hendecasyllabos
1084 1279 1219 1344 alcaicos
1247 1285 1279 1345 et
1299 1282 1518 1365 asclepiadeos

356 1377 496 1442 minores
531 1376 615 1438 nord
644 1381 756 1456 στίχον
784 1376 983 1441 Claudius
1015 1373 1217 1444 Claudianus
1253 1377 1285 1442 in
1314 1379 1515 1457 fescenninis,

355 1494 439 1557 quae
462 1473 639 1556 composuit
660 1473 692 1538 in
714 1475 842 1556 nuptias
864 1474 996 1541 Honorii
1016 1475 1151 1555 Augusti
1173 1479 1204 1539 et
1224 1475 1353 1556 Mariae,
1377 1479 1390 1542 l
1413 1481 1445 1542 et
1465 1479 1514 1543 lV.

355 1577 403 1640 Ac
424 1574 507 1640 ratio
528 1593 593 1656 qua
621 1574 886 1657 compositionum
915 1576 1035 1641 formae
1057 1573 1266 1653 adhibentur,
1295 1597 1359 1642 non
1380 1579 1515 1643 minima

357 1693 397 1738 ex
418 1676 511 1757 parte
534 1672 677 1756 adspirat
699 1673 741 1736 ad
762 1673 854 1737 Statii
876 1677 908 1737 et
929 1674 1068 1738 Senecae
1090 1691 1193 1751 usum,
1216 1673 1272 1737 sed
1292 1678 1402 1739 tamen
1422 1695 1515 1740 suam

357 1773 443 1837 viam
464 1775 511 1835 est
539 1773 723 1854 persecutus
745 1769 957 1849 Claudianus,
987 1770 1123 1836 eumad
1151 1770 1289 1835 formam
1309 1772 1349 1835 ΠΙ
1377 1773 1514 1836 eandem

356 1869 552 1952 diligentiam
583 1886 757 1951 curamque
786 1871 982 1932 converteret
1011 1872 1107 1950 atque
1136 1869 1178 1932 ad
1207 1869 1343 1932 formam
1368 1870 1397 1945 l,
1428 1871 1515 1952 quod

356 1969 446 2034 aliter
469 1988 628 2051 nusquam
651 1967 795 2032 occurrit.
838 1967 948 2050 ltaque
974 1967 1148 2032 formarum
1169 1969 1251 2033 ratio
1277 1988 1310 2032 se
1331 1969 1436 2040 habet¹
1454 1970 1514 2033 ita:

539 2414 568 2468 iu
583 2413 708 2485 asclepi
725 2416 759 2470 :4

435 2604 608 2670 (laesuram
640 2602 769 2684 quidem
796 2599 921 2664 assidue
951 2620 1008 2665 suo
1037 2601 1107 2665 loco
1139 2601 1296 2682 integram
1325 2600 1420 2681 legis,
1454 2601 1510 2664 sed

353 2701 622 2784 interpunctiones
650 2699 711 2764 illic
733 2697 852 2781 reperis
879 2697 944 2762 fere
965 2698 1076 2763 nullas.
1119 2700 1162 2763 At
1183 2718 1292 2763 versus
1320 2716 1386 2760 non
1414 2699 1510 2780 pauci

353 2799 454 2881 colligi
484 2800 633 2881 possunt,
661 2797 695 2860 in
716 2796 831 2879 quihus
852 2814 946 2859 voces
975 2800 1031 2861 aut
1052 2798 1183 2862 eaedem
1212 2801 1267 2861 aut
1289 2794 1406 2858 similes
1428 2795 1510 2859 inter

352 2919 386 2964 se
407 2897 600 2980 respondent
618 2895 750 2959 chiasmi
771 2894 874 2977 figura
892 2893 1051 2958 interdum
1070 2896 1251 2961 adiuvante.
1290 2891 1408 2955 Videas
1429 2893 1510 2956 mihi

352 2998 448 3063 haec:
478 2997 528 3074 IV,
550 2997 578 3060 9.
597 2994 671 3062 10:.

536 3155 574 3225 Si
593 3106 689 3226 frdnti
711 3164 819 3224 caveai
838 3157 842 3238 l
861 3155 892 3224 si
914 3159 1023 3223 timeat
1044 3102 1140 3223 rudos

1135 3253 1153 3307 b

537 3257 654 3393 Armet
672 3327 769 3410 spina
790 3344 906 3391 rosas
925 3325 929 3406 Ι
948 3324 1070 3389 mella
1091 3328 1203 3405 tegrmt
1224 3342 1310 3406 opes,

353 3451 428 3514 item
450 3468 507 3532 per
530 3449 621 3514 binos
642 3468 769 3514 versus:
798 3449 827 3526 l,
850 3447 879 3512 l.
895 3450 931 3512 5:

560 3563 577 3602 a
690 3551 702 3601 1
820 3566 837 3597 α
969 3545 987 3599 b
1065 3544 1082 3597 2
1184 3547 1203 3606 β

513 3619 625 3698 Quae
648 3617 747 3701 digno
768 3614 893 3684 mentis
912 3615 1028 3696 ilaus
1050 3615 1111 3680 erit
1131 3611 1279 3812 arduae)

513 3733 626 3866 Qdae
648 3714 747 3867 didm
768 3735 893 3851 sordue
913 3784 917 3865 l
936 3713 1027 3849 labus
1048 3711 1109 3848 effa
1129 3710 1261 3866 iglr'ressos,

349 3910 482 3989 1,8.9:

594 4023 721 4144 Viodrun
742 4005 859 4140 ΐᾶῒξῐυν
880 4074 1021 4156 lDelos
1044 4074 1221 4159 Apollinem

595 4173 702 4310 Crgdit
723 4189 879 4308 mingrem
898 4242 902 4322 l
920 4240 1048 4323 Lydia
1067 4241 1228 4320 Liberum,
