3262 5102
692 454 730 516 27

128 640 230 699 metra
258 636 416 698 nonnullis
445 633 589 716 exceptis
623 652 706 716 quae
729 651 827 714 usquc
858 630 1036 694 renituntur
1065 626 1138 690 huic
1161 625 1285 701 rationi,

128 737 264 802 derivari
286 737 360 799 satis
371 739 480 798 notum
498 738 554 812 est,
569 754 674 816 neque
683 750 955 815 supervacaneum
973 748 1039 792 esse
1053 727 1108 791 sed
1129 724 1284 806 quodam-

129 837 225 901 modo
248 837 290 900 ad
310 856 374 899 rem
394 835 547 916 pertinere
565 835 641 897 mihi
650 834 776 909 videtur
794 849 990 912 cognoscere,
1013 827 1284 911 quemadmodum
1352 887 1355 894 ,

127 936 327 1016 grammatici
349 933 389 997 illi
411 938 531 997 veteres
555 953 592 998 ea
614 937 735 1008 metra,
759 933 798 996 de
821 932 935 1014 quibus
957 931 1098 1010 agimuS,
1123 925 1286 1008 systemati

126 1055 186 1098 suo
217 1034 534 1098 accommodaverim.
592 1033 682 1096 Unde
710 1032 841 1095 sortasse
877 1031 971 1093 etiam
1002 1029 1034 1090 id
1062 1026 1283 1103 declarabitur,

128 1138 285 1216 quantum
304 1134 364 1196 hac
382 1138 554 1196 metrorum
573 1133 785 1196 derivatorum
810 1131 953 1194 doctrina
970 1128 1119 1192 Horatius
1139 1126 1285 1194 inductus
1370 1167 1375 1174 ·

125 1236 183 1309 sit,
215 1238 249 1297 ut
270 1234 359 1296 certis
380 1234 488 1314 utiquc
514 1232 585 1296 locis
610 1249 757 1295 caesuras
786 1231 967 1307 collocaret,
997 1227 1108 1291 deindo
1139 1245 1285 1290 caesuras

126 1354 187 1415 per
203 1337 321 1396 certam
334 1332 501 1395 verborum
515 1331 751 1395 collocationem
771 1330 985 1408 distingueret.
1009 1327 1135 1408 Optime
1145 1326 1284 1408 alioquin

124 1433 243 1498 dehac
261 1453 295 1495 re
311 1433 553 1514 disputaverunt
570 1431 619 1495 W.
638 1428 772 1511 Christ¹l
783 1435 813 1492 et
824 1432 863 1493 A.
880 1429 1076 1509 Kiessling²l;
1098 1429 1153 1510 qui
1170 1445 1284 1508 quam·

125 1553 226 1616 quam
256 1532 300 1596 rei
333 1533 483 1594 maiorem
511 1534 633 1612 partem
663 1531 787 1612 copiose
814 1530 1005 1611 abundequo
1035 1529 1284 1611 explicaverunt,

126 1637 235 1696 tamen
255 1631 416 1715 quomodo
434 1650 554 1707 eorum,
577 1649 659 1712 quae
682 1630 797 1693 tradita
815 1634 898 1706 sunt,
923 1631 1059 1692 rationes
1082 1647 1115 1692 sc
1135 1627 1285 1701 habeant,

126 1729 283 1814 quantum
306 1733 512 1806 consentiant,
535 1734 690 1812 quantum
711 1724 992 1812 discrepent,'cum
1012 1730 1116 1793 adhuc
1134 1726 1283 1806 singulari

126 1832 311 1912 quaestione
331 1834 432 1910 egeat,
457 1829 488 1893 id
509 1829 569 1892 hoc
591 1829 659 1892 loco
688 1830 881 1892 adumbrare
903 1848 1018 1909 operae
1049 1848 1126 1892 sane
1148 1826 1283 1908 pretium

126 1933 184 1994 est.
220 1929 379 2006 Quoniam
399 1949 473 1993 vero
492 1929 661 1991 verborum
679 1929 923 2010 compositiones
942 1948 1005 1991 non
1022 1929 1080 1990 nisi
1092 1929 1123 1990 in
1142 1927 1284 1991 versibus

125 2029 330 2111 asclepiadeis
346 2029 566 2110 sapphicisque
582 2027 755 2090 minoribus
773 2032 804 2091 et
820 2028 943 2090 alcaicis
960 2030 1127 2109 usurpatas
1148 2031 1283 2091 tractare
1346 2063 1347 2078 .

125 2131 288 2194 consilium
310 2132 367 2206 est,
387 2129 444 2193 soli
463 2129 503 2192 illi
519 2148 626 2192 versus
642 2129 802 2210 quomodo
825 2128 1073 2208 agrammaticis
1091 2128 1286 2204 deriventur,

128 2230 296 2293 ostendere
317 2231 449 2310 suscepi.
906 2213 908 2222 ’
1073 2247 1076 2252 ’

207 2330 318 2411 ltaque
328 2329 467 2410 primum
475 2327 745 2410 quemadmodum
762 2330 915 2391 tractetur
926 2332 1060 2390 metrum
1071 2328 1100 2391 A
1111 2327 1282 2409 sclepia-

125 2430 248 2493 deum
270 2428 442 2492 videamus

207 2529 352 2610 Plerique
368 2529 398 2591 id
414 2527 520 2592 reterri
537 2527 650 2590 debere
668 2524 709 2587 ad
726 2528 861 2588 metrum
878 2526 1067 2610 dactylicum
1084 2527 1282 2608 pertinaciter

123 2630 344 2703 consentiunt;
364 2626 514 2704 nonnulli,
537 2627 591 2709 qni
607 2625 648 2688 ad
660 2625 879 2688 hexametrum
897 2627 999 2708 ipsum
1015 2647 1172 2690 recurrere
1186 2627 1282 2690 ascle·
1374 2711 1379 2719 ι

122 2728 273 2810 piadeum
314 2730 574 2802 commemorant,
610 2729 716 2788 tamen
746 2744 811 2787 non
840 2727 998 2807 accipiunt
1027 2728 1191 2806 rationem,
1227 2727 1281 2791 scd

121 2827 203 2892 alter
226 2825 340 2909 (Diom.
363 2827 384 2903 l,
406 2825 484 2906 508)
506 2826 639 2890 adnotat
663 2823 774 2906 ‘potest
797 2825 1012 2906 asclepiadeus
1034 2829 1075 2890 ab
1096 2829 1281 2891 hexametro

122 2926 229 3004 nasci'‚
252 2927 331 2990 alter
350 2925 434 3008 (Alil.
457 2926 584 2990 Fortun.
608 2924 657 3000 Vl,
681 2945 709 3005 p.
728 2925 799 3002 296)
822 2925 853 2987 in
875 2926 937 2988 fine
961 2928 1153 3010 quaestionis
1176 2927 1280 2991 addit:

119 3026 183 3090 ‘alii
204 3028 244 3091 de
264 3027 447 3118 hexametro
470 3026 580 3089 volunt
602 3024 734 3088 natum?
768 3024 908 3107 Uterque
927 3046 960 3090 re
981 3047 1055 3090 vera
1076 3048 1148 3091 cum
1172 3029 1282 3091 ceteris
1386 3047 1390 3060 ¹

123 3127 264 3192 metricis
282 3127 423 3208 sequitur
446 3125 633 3201 doctrinam,
663 3142 727 3206 qua
754 3129 891 3188 metrum
919 3126 1149 3208 asclepiadeum
1172 3132 1282 3190 natum

122 3228 165 3290 sit
195 3246 214 3289 a
244 3229 444 3308 pentametro
474 3225 627 3304 elegiaco,
659 3222 775 3287 scilicet
802 3222 852 3288 ‘ab
882 3246 935 3302 eo,
965 3229 1018 3308 qui
1047 3226 1116 3289 Xlll
1145 3227 1282 3308 syllabas

123 3327 233 3406 habet,
256 3325 317 3388 hoc
337 3329 391 3401 est,
414 3326 501 3388 cuius
520 3326 622 3406 prima
640 3343 712 3404 pars
729 3324 768 3387 de
785 3325 927 3405 spondeo
946 3330 977 3388 et
995 3326 1120 3407 dactylo
1138 3327 1282 3404 constat’,

123 3425 214 3505 (Atil.
237 3424 401 3488 Fortunat.
424 3424 471 3500 Vl,
493 3445 522 3505 p.
544 3424 629 3503 aad).
673 3424 736 3487 Sed
759 3425 784 3487 si
805 3445 913 3488 veram
937 3427 979 3488 rei
1000 3428 1153 3490 rationem
1176 3427 1281 3506 exigis,

123 3525 212 3606 quod
243 3525 354 3588 attinet
386 3524 427 3587 ad
459 3543 622 3587 caesuram
652 3523 885 3601 collocandam,
919 3525 996 3587 nihil
1031 3525 1141 3603 refert,
1174 3530 1280 3589 utrum

124 3629 266 3688 metrum
289 3624 440 3703 originem
462 3625 558 3687 ducat
588 3623 629 3686 ab
652 3625 835 3687 hexametro
856 3644 898 3687 an
921 3643 940 3688 a
962 3629 1177 3706 pentametro,
1208 3645 1279 3688 cum

124 3744 199 3806 pars
218 3723 305 3804 prior
321 3743 421 3805 usqne
438 3723 479 3786 ad
498 3724 755 3805 semiquinariam
775 3725 899 3805 utrique
916 3727 955 3787 sit
972 3726 1148 3789 communis
1167 3731 1196 3788 et
1214 3747 1279 3806 par.

124 3824 333 3902 Quamquam
365 3822 450 3904 quod
482 3823 520 3884 illi
549 3823 606 3884 viri
635 3823 717 3885 docti
748 3823 808 3886 hoc
843 3828 980 3888 metrum
1011 3844 1049 3888 ex
1080 3829 1279 3906 pentametro

128 3954 322 3966 -——..-..—.

195 4019 221 4086 1)
236 4007 336 4072 ‘Ueber
349 4017 393 4073 die
410 4018 556 4072 verskunst
571 4018 617 4071 dee
632 4019 720 4072 Horaz
739 4018 777 4071 im
797 4019 881 4074 lichte
899 4021 948 4074 der
967 4021 1043 4075 alten
1062 4021 1280 4094 ilberlielcrung’.

123 4104 308 4174 Sitzungsber.
329 4105 376 4159 der
393 4104 496 4173 kdnigl.
515 4104 638 4158 bairisch.
658 4105 801 4160 akademie
821 4107 895 4160 1868.
914 4123 940 4174 p.
961 4110 983 4158 l.

197 4208 224 4272 a,
247 4206 277 4273 o.
297 4207 427 4261 notanus
444 4205 564 4271 araceus,
583 4207 658 4262 oren
678 4210 732 4261 unc
753 4187 971 4276 Epoden'uerol.
991 4207 1057 4262 nar
1075 4227 1100 4277 p.
1118 4209 1278 4264 vn-xrv.

125 4292 328 4363 Philologischc
345 4292 596 4361 untcrsuchungen,
617 4293 643 4345 ll
654 4295 696 4347 ‘zu
715 4294 927 4364 augustcischen
949 4294 1080 4348 dichtern'
1098 4313 1122 4362 p.
1140 4297 1173 4352 63
1186 4313 1243 4364 sqq.
