<?xml version="1.0" encoding="UTF-8"?>
<!DOCTYPE html PUBLIC "-//W3C//DTD XHTML 1.0 Transitional//EN"
    "http://www.w3.org/TR/xhtml1/DTD/xhtml1-transitional.dtd">
<html xmlns="http://www.w3.org/1999/xhtml" xml:lang="en" lang="en">
 <head>
  <title>
</title>
<meta http-equiv="Content-Type" content="text/html;charset=utf-8" />
  <meta name='ocr-system' content='tesseract 3.04.00' />
  <meta name='ocr-capabilities' content='ocr_page ocr_carea ocr_par ocr_line ocrx_word'/>
</head>
<body>
  <div class='ocr_page' id='page_1' title='image "./demetrorumlyric00reicgoog_0065.png"; bbox 0 0 3262 5102; ppageno 0'>
   <div class='ocr_carea' id='block_1_1' title="bbox 920 462 961 526">
    <p class='ocr_par' dir='ltr' id='par_1_1' title="bbox 920 462 961 526">
     <span class='ocr_line' id='line_1_1' title="bbox 920 462 961 526; baseline 0 0"><span class='ocrx_word' id='word_1_1' title='bbox 920 462 961 526; x_wconf 83' lang='lat'><strong>56</strong></span> 
     </span>
    </p>
   </div>
   <div class='ocr_carea' id='block_1_2' title="bbox 362 637 1524 1607">
    <p class='ocr_par' dir='ltr' id='par_1_2' title="bbox 362 637 1524 1607">
     <span class='ocr_line' id='line_1_2' title="bbox 362 637 1520 720; baseline -0.005 -16"><span class='ocrx_word' id='word_1_2' title='bbox 362 638 522 720; x_wconf 83' lang='lat' dir='ltr'><strong>Burdigal.</strong></span> <span class='ocrx_word' id='word_1_3' title='bbox 552 641 572 702; x_wconf 89' lang='lat'>8</span> <span class='ocrx_word' id='word_1_4' title='bbox 604 644 635 703; x_wconf 89' lang='lat' dir='ltr'><strong>et</strong></span> <span class='ocrx_word' id='word_1_5' title='bbox 663 641 699 715; x_wconf 83' lang='lat'><strong>9,</strong></span> <span class='ocrx_word' id='word_1_6' title='bbox 730 638 771 701; x_wconf 95' lang='lat' dir='ltr'><strong>lV</strong></span> <span class='ocrx_word' id='word_1_7' title='bbox 798 637 984 719; x_wconf 81' lang='lat' dir='ltr'><strong>Ephemeris</strong></span> <span class='ocrx_word' id='word_1_8' title='bbox 1018 639 1050 714; x_wconf 88' lang='lat'><strong>1,</strong></span> <span class='ocrx_word' id='word_1_9' title='bbox 1084 637 1169 702; x_wconf 92' lang='lat' dir='ltr'><strong>unde</strong></span> <span class='ocrx_word' id='word_1_10' title='bbox 1204 637 1337 702; x_wconf 83' lang='lat' dir='ltr'><strong>efficitur</strong></span> <span class='ocrx_word' id='word_1_11' title='bbox 1367 653 1520 700; x_wconf 89' lang='lat' dir='ltr'><strong>numerus</strong></span> 
     </span>
     <span class='ocr_line' id='line_1_3' title="bbox 362 736 1521 821; baseline -0.003 -18"><span class='ocrx_word' id='word_1_12' title='bbox 362 737 567 821; x_wconf 80' lang='lat' dir='ltr'><strong>stropharum</strong></span> <span class='ocrx_word' id='word_1_13' title='bbox 582 742 614 802; x_wconf 91' lang='lat' dir='ltr'><strong>et</strong></span> <span class='ocrx_word' id='word_1_14' title='bbox 627 737 816 803; x_wconf 88' lang='lat' dir='ltr'><strong>adoniorum</strong></span> <span class='ocrx_word' id='word_1_15' title='bbox 837 737 883 813; x_wconf 87' lang='grc'><strong>16,</strong></span> <span class='ocrx_word' id='word_1_16' title='bbox 903 736 1243 818; x_wconf 81' lang='lat' dir='ltr'>hendecasyllaborum</span> <span class='ocrx_word' id='word_1_17' title='bbox 1255 738 1304 800; x_wconf 80' lang='grc'><strong>48.</strong></span> <span class='ocrx_word' id='word_1_18' title='bbox 1340 736 1521 800; x_wconf 84' lang='lat' dir='ltr'>Verborum</span> 
     </span>
     <span class='ocr_line' id='line_1_4' title="bbox 362 835 1521 918; baseline -0.002 -16"><span class='ocrx_word' id='word_1_19' title='bbox 362 841 521 902; x_wconf 78' lang='lat' dir='ltr'><strong>structura</strong></span> <span class='ocrx_word' id='word_1_20' title='bbox 544 857 668 918; x_wconf 87' lang='lat' dir='ltr'><strong>semper</strong></span> <span class='ocrx_word' id='word_1_21' title='bbox 689 836 798 900; x_wconf 87' lang='lat' dir='ltr'><strong>linitur</strong></span> <span class='ocrx_word' id='word_1_22' title='bbox 827 835 919 899; x_wconf 90' lang='lat' dir='ltr'><strong>simul</strong></span> <span class='ocrx_word' id='word_1_23' title='bbox 940 855 1013 899; x_wconf 91' lang='lat' dir='ltr'><strong>cum</strong></span> <span class='ocrx_word' id='word_1_24' title='bbox 1033 836 1238 918; x_wconf 81' lang='lat' dir='ltr'><strong>stropharum</strong></span> <span class='ocrx_word' id='word_1_25' title='bbox 1264 835 1358 900; x_wconf 85' lang='lat' dir='ltr'><strong>exitu.</strong></span> <span class='ocrx_word' id='word_1_26' title='bbox 1401 837 1521 900; x_wconf 86' lang='lat' dir='ltr'><strong>Caesu-</strong></span> 
     </span>
     <span class='ocr_line' id='line_1_5' title="bbox 362 934 1521 1016; baseline -0.003 -15"><span class='ocrx_word' id='word_1_27' title='bbox 362 957 432 1002; x_wconf 91' lang='lat' dir='ltr'><strong>ram</strong></span> <span class='ocrx_word' id='word_1_28' title='bbox 462 941 569 1001; x_wconf 87' lang='lat' dir='ltr'><strong>autern</strong></span> <span class='ocrx_word' id='word_1_29' title='bbox 602 955 674 1000; x_wconf 89' lang='lat' dir='ltr'><strong>curn</strong></span> <span class='ocrx_word' id='word_1_30' title='bbox 704 935 864 999; x_wconf 84' lang='lat' dir='ltr'><strong>Ausonius</strong></span> <span class='ocrx_word' id='word_1_31' title='bbox 897 934 1047 998; x_wconf 90' lang='lat' dir='ltr'><strong>nimirum</strong></span> <span class='ocrx_word' id='word_1_32' title='bbox 1079 934 1242 998; x_wconf 80' lang='lat' dir='ltr'><strong>induceret</strong></span> <span class='ocrx_word' id='word_1_33' title='bbox 1271 938 1343 1016; x_wconf 89' lang='lat' dir='ltr'><strong>post</strong></span> <span class='ocrx_word' id='word_1_34' title='bbox 1374 935 1521 1015; x_wconf 89' lang='lat' dir='ltr'><strong>quintam</strong></span> 
     </span>
     <span class='ocr_line' id='line_1_6' title="bbox 363 1034 1523 1118; baseline -0.002 -18"><span class='ocrx_word' id='word_1_35' title='bbox 363 1036 535 1118; x_wconf 80' lang='lat' dir='ltr'><strong>syllabam,</strong></span> <span class='ocrx_word' id='word_1_36' title='bbox 568 1055 695 1098; x_wconf 82' lang='lat' dir='ltr'><strong>versrnn</strong></span> <span class='ocrx_word' id='word_1_37' title='bbox 722 1036 750 1111; x_wconf 94' lang='grc' dir='ltr'><strong>Ι,</strong></span> <span class='ocrx_word' id='word_1_38' title='bbox 781 1035 821 1100; x_wconf 93' lang='grc'>93</span> <span class='ocrx_word' id='word_1_39' title='bbox 849 1034 983 1097; x_wconf 92' lang='lat' dir='ltr'><strong>incisum</strong></span> <span class='ocrx_word' id='word_1_40' title='bbox 1013 1053 1080 1096; x_wconf 89' lang='lat' dir='ltr'><strong>esse</strong></span> <span class='ocrx_word' id='word_1_41' title='bbox 1109 1038 1181 1115; x_wconf 91' lang='lat' dir='ltr'><strong>post</strong></span> <span class='ocrx_word' id='word_1_42' title='bbox 1211 1036 1333 1097; x_wconf 86' lang='lat' dir='ltr'><strong>sextam</strong></span> <span class='ocrx_word' id='word_1_43' title='bbox 1363 1034 1523 1116; x_wconf 87' lang='lat' dir='ltr'><strong>syllabam</strong></span> 
     </span>
     <span class='ocr_line' id='line_1_7' title="bbox 362 1131 1524 1217; baseline 0 -19"><span class='ocrx_word' id='word_1_44' title='bbox 362 1154 491 1217; x_wconf 90' lang='lat' dir='ltr'><strong>prorsus</strong></span> <span class='ocrx_word' id='word_1_45' title='bbox 525 1134 638 1197; x_wconf 91' lang='lat' dir='ltr'><strong>merito</strong></span> <span class='ocrx_word' id='word_1_46' title='bbox 671 1134 842 1208; x_wconf 85' lang='lat' dir='ltr'><strong>miramur,</strong></span> <span class='ocrx_word' id='word_1_47' title='bbox 873 1151 950 1195; x_wconf 88' lang='lat' dir='ltr'><strong>narn</strong></span> <span class='ocrx_word' id='word_1_48' title='bbox 985 1132 1059 1195; x_wconf 85' lang='lat' dir='ltr'><strong>nisi·</strong></span> <span class='ocrx_word' id='word_1_49' title='bbox 1078 1131 1185 1208; x_wconf 88' lang='lat' dir='ltr'><strong>fallor,</strong></span> <span class='ocrx_word' id='word_1_50' title='bbox 1221 1132 1419 1212; x_wconf 87' lang='lat' dir='ltr'><strong>temporibus</strong></span> <span class='ocrx_word' id='word_1_51' title='bbox 1448 1139 1524 1215; x_wconf 90' lang='lat' dir='ltr'><strong>post</strong></span> 
     </span>
     <span class='ocr_line' id='line_1_8' title="bbox 362 1230 1523 1314; baseline -0.002 -16"><span class='ocrx_word' id='word_1_52' title='bbox 362 1234 435 1298; x_wconf 84' lang='lat' dir='ltr'><strong>Chr.</strong></span> <span class='ocrx_word' id='word_1_53' title='bbox 465 1253 496 1298; x_wconf 91' lang='lat' dir='ltr'><strong>n.</strong></span> <span class='ocrx_word' id='word_1_54' title='bbox 524 1231 682 1297; x_wconf 87' lang='lat' dir='ltr'><strong>rarissimo</strong></span> <span class='ocrx_word' id='word_1_55' title='bbox 715 1231 870 1314; x_wconf 89' lang='lat' dir='ltr'><strong>reperitur</strong></span> <span class='ocrx_word' id='word_1_56' title='bbox 897 1250 1023 1307; x_wconf 92' lang='lat' dir='ltr'><strong>versus,</strong></span> <span class='ocrx_word' id='word_1_57' title='bbox 1056 1231 1110 1312; x_wconf 95' lang='lat' dir='ltr'><strong>qui</strong></span> <span class='ocrx_word' id='word_1_58' title='bbox 1139 1249 1304 1293; x_wconf 89' lang='lat' dir='ltr'><strong>caesuram</strong></span> <span class='ocrx_word' id='word_1_59' title='bbox 1331 1230 1523 1296; x_wconf 92' lang='lat' dir='ltr'><strong>muliebrem</strong></span> 
     </span>
     <span class='ocr_line' id='line_1_9' title="bbox 362 1329 1523 1412; baseline -0.001 -17"><span class='ocrx_word' id='word_1_60' title='bbox 362 1331 517 1396; x_wconf 88' lang='lat' dir='ltr'><strong>ostendat.</strong></span> <span class='ocrx_word' id='word_1_61' title='bbox 560 1331 681 1394; x_wconf 85' lang='lat' dir='ltr'><strong>Formis</strong></span> <span class='ocrx_word' id='word_1_62' title='bbox 702 1350 777 1394; x_wconf 91' lang='lat' dir='ltr'><strong>vero</strong></span> <span class='ocrx_word' id='word_1_63' title='bbox 800 1333 896 1411; x_wconf 87' lang='lat' dir='ltr'><strong>poeta</strong></span> <span class='ocrx_word' id='word_1_64' title='bbox 917 1333 1044 1412; x_wconf 88' lang='lat' dir='ltr'><strong>praeter</strong></span> <span class='ocrx_word' id='word_1_65' title='bbox 1066 1330 1145 1394; x_wconf 88' lang='lat' dir='ltr'><strong>alias</strong></span> <span class='ocrx_word' id='word_1_66' title='bbox 1167 1329 1253 1392; x_wconf 87' lang='lat' dir='ltr'><strong>favet</strong></span> <span class='ocrx_word' id='word_1_67' title='bbox 1273 1329 1286 1390; x_wconf 93' lang='grc' dir='ltr'>Ι</span> <span class='ocrx_word' id='word_1_68' title='bbox 1309 1333 1340 1392; x_wconf 90' lang='lat' dir='ltr'><strong>et</strong></span> <span class='ocrx_word' id='word_1_69' title='bbox 1362 1330 1411 1406; x_wconf 88' lang='grc' dir='ltr'>ΙΙΙ,</span> <span class='ocrx_word' id='word_1_70' title='bbox 1433 1331 1523 1394; x_wconf 85' lang='lat' dir='ltr'><strong>illam</strong></span> 
     </span>
     <span class='ocr_line' id='line_1_10' title="bbox 363 1427 1524 1518; baseline -0.001 -24"><span class='ocrx_word' id='word_1_71' title='bbox 363 1450 520 1512; x_wconf 88' lang='lat' dir='ltr'><strong>usurpans</strong></span> <span class='ocrx_word' id='word_1_72' title='bbox 539 1429 647 1518; x_wconf 89' lang='lat' dir='ltr'><strong>novies</strong></span> <span class='ocrx_word' id='word_1_73' title='bbox 667 1427 698 1508; x_wconf 80' lang='lat'><strong>(1</strong></span> <span class='ocrx_word' id='word_1_74' title='bbox 717 1451 724 1492; x_wconf 91' lang='lat'><strong>:</strong></span> <span class='ocrx_word' id='word_1_75' title='bbox 740 1427 828 1510; x_wconf 70' lang='lat'><strong>5¹12),</strong></span> <span class='ocrx_word' id='word_1_76' title='bbox 850 1429 935 1493; x_wconf 87' lang='lat' dir='ltr'><strong>hanc</strong></span> <span class='ocrx_word' id='word_1_77' title='bbox 956 1429 1137 1510; x_wconf 86' lang='lat' dir='ltr'><strong>quinquies,</strong></span> <span class='ocrx_word' id='word_1_78' title='bbox 1161 1428 1298 1491; x_wconf 86' lang='lat' dir='ltr'><strong>formam</strong></span> <span class='ocrx_word' id='word_1_79' title='bbox 1316 1428 1343 1490; x_wconf 92' lang='grc' dir='ltr'>Π</span> <span class='ocrx_word' id='word_1_80' title='bbox 1363 1429 1524 1510; x_wconf 87' lang='lat' dir='ltr'><strong>praebent</strong></span> 
     </span>
     <span class='ocr_line' id='line_1_11' title="bbox 362 1527 1146 1607; baseline -0.004 -14"><span class='ocrx_word' id='word_1_81' title='bbox 362 1532 528 1607; x_wconf 90' lang='lat' dir='ltr'><strong>versus8,</strong></span> <span class='ocrx_word' id='word_1_82' title='bbox 551 1530 570 1591; x_wconf 91' lang='lat'>5</span> <span class='ocrx_word' id='word_1_83' title='bbox 593 1531 680 1605; x_wconf 82' lang='grc'>019,</span> <span class='ocrx_word' id='word_1_84' title='bbox 703 1529 738 1603; x_wconf 84' lang='grc'><strong>5;</strong></span> <span class='ocrx_word' id='word_1_85' title='bbox 770 1527 1067 1605; x_wconf 81' lang='lat' dir='ltr'><strong>formaml·v.8,</strong></span> <span class='ocrx_word' id='word_1_86' title='bbox 1092 1529 1146 1591; x_wconf 88' lang='lat'><strong>13:</strong></span> 
     </span>
    </p>
   </div>
   <div class='ocr_carea' id='block_1_3' title="bbox 615 1641 1266 1724">
    <p class='ocr_par' dir='ltr' id='par_1_3' title="bbox 615 1641 1266 1724">
     <span class='ocr_line' id='line_1_12' title="bbox 615 1641 1266 1724; baseline 0 -19"><span class='ocrx_word' id='word_1_87' title='bbox 615 1646 656 1705; x_wconf 93' lang='lat' dir='ltr'><strong>tu</strong></span> <span class='ocrx_word' id='word_1_88' title='bbox 678 1663 763 1707; x_wconf 85' lang='lat' dir='ltr'><strong>meac</strong></span> <span class='ocrx_word' id='word_1_89' title='bbox 784 1661 909 1724; x_wconf 90' lang='lat' dir='ltr'><strong>semper</strong></span> <span class='ocrx_word' id='word_1_90' title='bbox 929 1641 933 1722; x_wconf 78' lang='lat' dir='ltr'><strong>l</strong></span> <span class='ocrx_word' id='word_1_91' title='bbox 951 1643 1090 1706; x_wconf 87' lang='lat' dir='ltr'><strong>socius</strong></span> <span class='ocrx_word' id='word_1_92' title='bbox 1113 1643 1266 1707; x_wconf 79' lang='lat' dir='ltr'><strong>iuventae.</strong></span> 
     </span>
    </p>
   </div>
   <div class='ocr_carea' id='block_1_4' title="bbox 363 1756 1526 2336">
    <p class='ocr_par' dir='ltr' id='par_1_4' title="bbox 363 1756 1526 2336">
     <span class='ocr_line' id='line_1_13' title="bbox 363 1756 1524 1844; baseline 0.005 -21"><span class='ocrx_word' id='word_1_93' title='bbox 363 1759 444 1823; x_wconf 87' lang='lat' dir='ltr'><strong>Cum</strong></span> <span class='ocrx_word' id='word_1_94' title='bbox 469 1758 566 1822; x_wconf 91' lang='lat' dir='ltr'><strong>etiarn</strong></span> <span class='ocrx_word' id='word_1_95' title='bbox 586 1757 707 1820; x_wconf 87' lang='lat' dir='ltr'><strong>formae</strong></span> <span class='ocrx_word' id='word_1_96' title='bbox 728 1757 758 1820; x_wconf 88' lang='lat' dir='ltr'>X</span> <span class='ocrx_word' id='word_1_97' title='bbox 779 1756 909 1820; x_wconf 87' lang='lat' dir='ltr'><strong>minime</strong></span> <span class='ocrx_word' id='word_1_98' title='bbox 931 1761 1093 1839; x_wconf 86' lang='lat' dir='ltr'><strong>respectae</strong></span> <span class='ocrx_word' id='word_1_99' title='bbox 1114 1760 1189 1836; x_wconf 88' lang='lat' dir='ltr'><strong>sint,</strong></span> <span class='ocrx_word' id='word_1_100' title='bbox 1211 1763 1275 1823; x_wconf 88' lang='lat' dir='ltr'><strong>tres</strong></span> <span class='ocrx_word' id='word_1_101' title='bbox 1295 1780 1360 1825; x_wconf 93' lang='lat' dir='ltr'><strong>non</strong></span> <span class='ocrx_word' id='word_1_102' title='bbox 1382 1763 1455 1844; x_wconf 88' lang='lat' dir='ltr'><strong>plus</strong></span> <span class='ocrx_word' id='word_1_103' title='bbox 1475 1766 1524 1829; x_wconf 86' lang='lat' dir='ltr'><strong>al·</strong></span> 
     </span>
     <span class='ocr_line' id='line_1_14' title="bbox 363 1857 1524 1939; baseline 0.006 -18"><span class='ocrx_word' id='word_1_104' title='bbox 363 1857 436 1921; x_wconf 87' lang='lat' dir='ltr'><strong>ferri</strong></span> <span class='ocrx_word' id='word_1_105' title='bbox 464 1859 612 1939; x_wconf 89' lang='lat' dir='ltr'><strong>possunt:</strong></span> <span class='ocrx_word' id='word_1_106' title='bbox 644 1859 680 1933; x_wconf 88' lang='lat'><strong>8,</strong></span> <span class='ocrx_word' id='word_1_107' title='bbox 709 1857 755 1919; x_wconf 85' lang='lat'><strong>13.</strong></span> <span class='ocrx_word' id='word_1_108' title='bbox 775 1857 829 1932; x_wconf 73' lang='lat'><strong>143</strong></span> <span class='ocrx_word' id='word_1_109' title='bbox 860 1857 1040 1934; x_wconf 76' lang='grc'>9,14,15;</span> <span class='ocrx_word' id='word_1_110' title='bbox 1073 1859 1106 1935; x_wconf 92' lang='grc'><strong>1,</strong></span> <span class='ocrx_word' id='word_1_111' title='bbox 1129 1859 1177 1922; x_wconf 90' lang='grc'><strong>91.</strong></span> <span class='ocrx_word' id='word_1_112' title='bbox 1195 1857 1243 1922; x_wconf 91' lang='grc'>99.</span> <span class='ocrx_word' id='word_1_113' title='bbox 1293 1859 1394 1925; x_wconf 90' lang='lat' dir='ltr'><strong>Porro</strong></span> <span class='ocrx_word' id='word_1_114' title='bbox 1424 1866 1524 1930; x_wconf 90' lang='lat' dir='ltr'><strong>semel</strong></span> 
     </span>
     <span class='ocr_line' id='line_1_15' title="bbox 363 1955 1523 2040; baseline 0.007 -20"><span class='ocrx_word' id='word_1_115' title='bbox 363 1955 536 2020; x_wconf 90' lang='lat' dir='ltr'><strong>concinunt</strong></span> <span class='ocrx_word' id='word_1_116' title='bbox 553 1955 701 2032; x_wconf 87' lang='lat' dir='ltr'><strong>binorum</strong></span> <span class='ocrx_word' id='word_1_117' title='bbox 722 1974 873 2020; x_wconf 90' lang='lat' dir='ltr'><strong>versuum</strong></span> <span class='ocrx_word' id='word_1_118' title='bbox 895 1956 990 2032; x_wconf 79' lang='lat' dir='ltr'><strong>fineS,</strong></span> <span class='ocrx_word' id='word_1_119' title='bbox 1018 1956 1046 2032; x_wconf 94' lang='lat' dir='ltr'><strong>l,</strong></span> <span class='ocrx_word' id='word_1_120' title='bbox 1072 1958 1118 2020; x_wconf 85' lang='lat'><strong>13.</strong></span> <span class='ocrx_word' id='word_1_121' title='bbox 1137 1958 1175 2020; x_wconf 77' lang='lat'><strong>14</strong></span> <span class='ocrx_word' id='word_1_122' title='bbox 1197 1956 1523 2040; x_wconf 76' lang='lat' dir='ltr'><strong>(quietem-manen·</strong></span> 
     </span>
     <span class='ocr_line' id='line_1_16' title="bbox 363 2053 1525 2142; baseline 0.007 -24"><span class='ocrx_word' id='word_1_123' title='bbox 363 2054 466 2137; x_wconf 86' lang='lat' dir='ltr'><strong>tem&#39;),</strong></span> <span class='ocrx_word' id='word_1_124' title='bbox 490 2074 528 2119; x_wconf 90' lang='lat' dir='ltr'><strong>ac</strong></span> <span class='ocrx_word' id='word_1_125' title='bbox 547 2055 644 2118; x_wconf 88' lang='lat' dir='ltr'><strong>semel</strong></span> <span class='ocrx_word' id='word_1_126' title='bbox 666 2057 829 2135; x_wconf 87' lang='lat' dir='ltr'><strong>comparet</strong></span> <span class='ocrx_word' id='word_1_127' title='bbox 848 2053 1033 2136; x_wconf 87' lang='lat' dir='ltr'><strong>anaphorae</strong></span> <span class='ocrx_word' id='word_1_128' title='bbox 1053 2055 1172 2136; x_wconf 82' lang='lat' dir='ltr'><strong>figura:</strong></span> <span class='ocrx_word' id='word_1_129' title='bbox 1205 2058 1238 2135; x_wconf 93' lang='lat'><strong>1,</strong></span> <span class='ocrx_word' id='word_1_130' title='bbox 1263 2059 1367 2122; x_wconf 83' lang='lat'><strong>17.18</strong></span> <span class='ocrx_word' id='word_1_131' title='bbox 1390 2058 1525 2142; x_wconf 72' lang='lat' dir='ltr'><strong>(surge-</strong></span> 
     </span>
     <span class='ocr_line' id='line_1_17' title="bbox 365 2152 1526 2235; baseline 0.008 -19"><span class='ocrx_word' id='word_1_132' title='bbox 365 2152 477 2235; x_wconf 82' lang='lat' dir='ltr'><strong>surge&#39;)</strong></span> <span class='ocrx_word' id='word_1_133' title='bbox 508 2155 545 2217; x_wconf 87' lang='lat' dir='ltr'><strong>cf.</strong></span> <span class='ocrx_word' id='word_1_134' title='bbox 575 2153 650 2217; x_wconf 90' lang='lat' dir='ltr'><strong>Hor.</strong></span> <span class='ocrx_word' id='word_1_135' title='bbox 678 2155 733 2231; x_wconf 89' lang='grc' dir='ltr'>ΙΙΙ,</span> <span class='ocrx_word' id='word_1_136' title='bbox 760 2155 814 2230; x_wconf 92' lang='grc'><strong>11,</strong></span> <span class='ocrx_word' id='word_1_137' title='bbox 838 2155 885 2217; x_wconf 86' lang='grc'><strong>37.</strong></span> <span class='ocrx_word' id='word_1_138' title='bbox 903 2155 951 2218; x_wconf 89' lang='grc'><strong>38.</strong></span> <span class='ocrx_word' id='word_1_139' title='bbox 1001 2155 1102 2220; x_wconf 89' lang='lat' dir='ltr'><strong>Maius</strong></span> <span class='ocrx_word' id='word_1_140' title='bbox 1128 2160 1236 2219; x_wconf 90' lang='lat' dir='ltr'><strong>autem</strong></span> <span class='ocrx_word' id='word_1_141' title='bbox 1263 2157 1405 2221; x_wconf 87' lang='lat' dir='ltr'><strong>studium</strong></span> <span class='ocrx_word' id='word_1_142' title='bbox 1435 2161 1526 2226; x_wconf 89' lang='lat' dir='ltr'><strong>dedit</strong></span> 
     </span>
     <span class='ocr_line' id='line_1_18' title="bbox 363 2251 1525 2336; baseline 0.008 -21"><span class='ocrx_word' id='word_1_143' title='bbox 363 2256 459 2335; x_wconf 86' lang='lat' dir='ltr'><strong>poeta</strong></span> <span class='ocrx_word' id='word_1_144' title='bbox 479 2253 610 2328; x_wconf 85' lang='lat' dir='ltr'><strong>formae,</strong></span> <span class='ocrx_word' id='word_1_145' title='bbox 632 2271 696 2332; x_wconf 87' lang='lat' dir='ltr'><strong>qua</strong></span> <span class='ocrx_word' id='word_1_146' title='bbox 717 2254 785 2316; x_wconf 90' lang='lat' dir='ltr'><strong>arte</strong></span> <span class='ocrx_word' id='word_1_147' title='bbox 807 2251 981 2315; x_wconf 81' lang='lat' dir='ltr'><strong>conectitur</strong></span> <span class='ocrx_word' id='word_1_148' title='bbox 999 2252 1133 2317; x_wconf 89' lang='lat' dir='ltr'><strong>adonius</strong></span> <span class='ocrx_word' id='word_1_149' title='bbox 1154 2273 1226 2317; x_wconf 92' lang='lat' dir='ltr'><strong>cum</strong></span> <span class='ocrx_word' id='word_1_150' title='bbox 1250 2255 1402 2336; x_wconf 87' lang='lat' dir='ltr'><strong>strophae</strong></span> <span class='ocrx_word' id='word_1_151' title='bbox 1424 2261 1525 2324; x_wconf 89' lang='lat' dir='ltr'><strong>versi·</strong></span> 
     </span>
    </p>
   </div>
   <div class='ocr_carea' id='block_1_5' title="bbox 363 2350 1620 2528">
    <p class='ocr_par' dir='ltr' id='par_1_5' title="bbox 363 2350 1620 2528">
     <span class='ocr_line' id='line_1_19' title="bbox 365 2350 1620 2436; baseline 0.006 -21"><span class='ocrx_word' id='word_1_152' title='bbox 365 2352 434 2415; x_wconf 92' lang='lat' dir='ltr'><strong>culo</strong></span> <span class='ocrx_word' id='word_1_153' title='bbox 456 2350 564 2427; x_wconf 85' lang='lat' dir='ltr'><strong>tertie,</strong></span> <span class='ocrx_word' id='word_1_154' title='bbox 593 2351 700 2432; x_wconf 92' lang='lat' dir='ltr'><strong>itaque</strong></span> <span class='ocrx_word' id='word_1_155' title='bbox 721 2354 847 2432; x_wconf 88' lang='lat' dir='ltr'><strong>praeter</strong></span> <span class='ocrx_word' id='word_1_156' title='bbox 873 2351 1056 2414; x_wconf 87' lang='lat' dir='ltr'><strong>notissimae</strong></span> <span class='ocrx_word' id='word_1_157' title='bbox 1083 2352 1204 2416; x_wconf 83' lang='lat' dir='ltr'><strong>tonnae</strong></span> <span class='ocrx_word' id='word_1_158' title='bbox 1226 2353 1256 2415; x_wconf 87' lang='lat' dir='ltr'><strong>A</strong></span> <span class='ocrx_word' id='word_1_159' title='bbox 1283 2357 1432 2436; x_wconf 87' lang='lat' dir='ltr'><strong>exempla</strong></span> <span class='ocrx_word' id='word_1_160' title='bbox 1461 2359 1526 2423; x_wconf 89' lang='lat' dir='ltr'><strong>tria</strong></span> <span class='ocrx_word' id='word_1_161' title='bbox 1619 2355 1620 2364; x_wconf 72' lang='grc'>’</span> 
     </span>
     <span class='ocr_line' id='line_1_20' title="bbox 363 2449 989 2528; baseline -0.002 -14"><span class='ocrx_word' id='word_1_162' title='bbox 363 2453 399 2527; x_wconf 88' lang='grc'><strong>9,</strong></span> <span class='ocrx_word' id='word_1_163' title='bbox 423 2451 469 2515; x_wconf 91' lang='grc'><strong>19.</strong></span> <span class='ocrx_word' id='word_1_164' title='bbox 486 2449 525 2512; x_wconf 87' lang='grc'>90</span> <span class='ocrx_word' id='word_1_165' title='bbox 547 2485 586 2492; x_wconf 91' lang='grc'>-</span> <span class='ocrx_word' id='word_1_166' title='bbox 609 2450 635 2526; x_wconf 92' lang='grc'><strong>1,</strong></span> <span class='ocrx_word' id='word_1_167' title='bbox 661 2451 707 2514; x_wconf 90' lang='grc'><strong>19.</strong></span> <span class='ocrx_word' id='word_1_168' title='bbox 723 2450 763 2512; x_wconf 87' lang='grc'>90</span> <span class='ocrx_word' id='word_1_169' title='bbox 785 2485 824 2492; x_wconf 95' lang='grc'>-</span> <span class='ocrx_word' id='word_1_170' title='bbox 848 2452 883 2528; x_wconf 89' lang='grc'><strong>8,</strong></span> <span class='ocrx_word' id='word_1_171' title='bbox 908 2451 989 2514; x_wconf 82' lang='grc'><strong>7.8;</strong></span> 
     </span>
    </p>
   </div>
   <div class='ocr_carea' id='block_1_6' title="bbox 555 2564 1325 2742">
    <p class='ocr_par' dir='ltr' id='par_1_6' title="bbox 555 2564 1325 2742">
     <span class='ocr_line' id='line_1_21' title="bbox 555 2564 1325 2647; baseline 0.005 -19"><span class='ocrx_word' id='word_1_172' title='bbox 555 2564 676 2628; x_wconf 89' lang='lat' dir='ltr'><strong>‘abnuit</strong></span> <span class='ocrx_word' id='word_1_173' title='bbox 696 2584 851 2647; x_wconf 88' lang='lat' dir='ltr'><strong>umquam</strong></span> <span class='ocrx_word' id='word_1_174' title='bbox 871 2565 874 2645; x_wconf 78' lang='lat' dir='ltr'><strong>l</strong></span> <span class='ocrx_word' id='word_1_175' title='bbox 894 2567 969 2647; x_wconf 88' lang='lat' dir='ltr'><strong>quia</strong></span> <span class='ocrx_word' id='word_1_176' title='bbox 992 2570 1118 2647; x_wconf 85' lang='lat' dir='ltr'><strong>gratum</strong></span> <span class='ocrx_word' id='word_1_177' title='bbox 1140 2567 1182 2629; x_wconf 91' lang='lat' dir='ltr'><strong>ad</strong></span> <span class='ocrx_word' id='word_1_178' title='bbox 1204 2587 1325 2632; x_wconf 91' lang='lat' dir='ltr'><strong>aures</strong></span> 
     </span>
     <span class='ocr_line' id='line_1_22' title="bbox 803 2661 1251 2742; baseline -0.004 -14"><span class='ocrx_word' id='word_1_179' title='bbox 803 2669 884 2729; x_wconf 89' lang='lat' dir='ltr'><strong>esset</strong></span> <span class='ocrx_word' id='word_1_180' title='bbox 905 2665 1075 2742; x_wconf 77' lang='lat' dir='ltr'><strong>amicaS,</strong></span> <span class='ocrx_word' id='word_1_181' title='bbox 1249 2661 1251 2666; x_wconf 79' lang='grc'><strong>’</strong></span> 
     </span>
    </p>
   </div>
   <div class='ocr_carea' id='block_1_7' title="bbox 252 2780 1178 2864">
    <p class='ocr_par' dir='ltr' id='par_1_7' title="bbox 252 2780 1178 2864">
     <span class='ocr_line' id='line_1_23' title="bbox 252 2780 1178 2864; baseline 0.001 -20"><span class='ocrx_word' id='word_1_182' title='bbox 252 2815 254 2822; x_wconf 90' lang='grc'>-</span> <span class='ocrx_word' id='word_1_183' title='bbox 365 2780 574 2862; x_wconf 88' lang='lat' dir='ltr'><strong>conspicimus</strong></span> <span class='ocrx_word' id='word_1_184' title='bbox 596 2781 675 2844; x_wconf 89' lang='lat' dir='ltr'><strong>tales</strong></span> <span class='ocrx_word' id='word_1_185' title='bbox 697 2781 940 2864; x_wconf 89' lang='lat' dir='ltr'><strong>compositiones</strong></span> <span class='ocrx_word' id='word_1_186' title='bbox 964 2780 1015 2863; x_wconf 88' lang='lat' dir='ltr'><strong>(Y)</strong></span> <span class='ocrx_word' id='word_1_187' title='bbox 1043 2783 1076 2858; x_wconf 90' lang='lat'><strong>1,</strong></span> <span class='ocrx_word' id='word_1_188' title='bbox 1100 2783 1126 2844; x_wconf 90' lang='lat'><strong>7.</strong></span> <span class='ocrx_word' id='word_1_189' title='bbox 1142 2783 1178 2845; x_wconf 90' lang='lat'><strong>8:</strong></span> 
     </span>
    </p>
   </div>
   <div class='ocr_carea' id='block_1_8' title="bbox 600 2896 1618 3076">
    <p class='ocr_par' dir='ltr' id='par_1_8' title="bbox 600 2896 1618 3139">
     <span class='ocr_line' id='line_1_24' title="bbox 600 2896 1618 2984; baseline 0.007 -26"><span class='ocrx_word' id='word_1_190' title='bbox 600 2897 700 2960; x_wconf 90' lang='lat' dir='ltr'><strong>multa</strong></span> <span class='ocrx_word' id='word_1_191' title='bbox 722 2897 809 2978; x_wconf 90' lang='lat' dir='ltr'><strong>quod</strong></span> <span class='ocrx_word' id='word_1_192' title='bbox 829 2901 922 2978; x_wconf 90' lang='lat' dir='ltr'><strong>potas</strong></span> <span class='ocrx_word' id='word_1_193' title='bbox 940 2897 944 2976; x_wconf 79' lang='grc'><strong>1</strong></span> <span class='ocrx_word' id='word_1_194' title='bbox 963 2896 1159 2979; x_wconf 88' lang='lat' dir='ltr'><strong>nimiaque</strong></span> <span class='ocrx_word' id='word_1_195' title='bbox 1181 2899 1288 2963; x_wconf 89' lang='lat' dir='ltr'><strong>caedis</strong></span> <span class='ocrx_word' id='word_1_196' title='bbox 1617 2967 1618 2984; x_wconf 21' lang='lat'>¹</span> 
     </span>
     <span class='ocr_line' id='line_1_25' title="bbox 799 2996 1079 3076; baseline 0.005 -17"><span class='ocrx_word' id='word_1_197' title='bbox 799 2997 903 3060; x_wconf 92' lang='lat' dir='ltr'><strong>mole</strong></span> <span class='ocrx_word' id='word_1_198' title='bbox 925 2996 1079 3076; x_wconf 85' lang='lat' dir='ltr'><strong>saginam,</strong></span> 
     </span>
    </p>
   </div>
   <div class='ocr_carea' id='block_1_9' title="bbox 365 3109 772 3185">
    <p class='ocr_par' dir='ltr' id='par_1_9' title="bbox 365 3109 772 3185">
     <span class='ocr_line' id='line_1_26' title="bbox 365 3109 772 3185; baseline 0.002 -13"><span class='ocrx_word' id='word_1_199' title='bbox 365 3109 402 3172; x_wconf 88' lang='lat' dir='ltr'><strong>cf.</strong></span> <span class='ocrx_word' id='word_1_200' title='bbox 425 3111 460 3185; x_wconf 88' lang='lat'><strong>8,</strong></span> <span class='ocrx_word' id='word_1_201' title='bbox 485 3110 565 3185; x_wconf 78' lang='lat'>3.4;</span> <span class='ocrx_word' id='word_1_202' title='bbox 598 3109 772 3185; x_wconf 77' lang='lat' dir='ltr'><strong>1,11.1a</strong></span> 
     </span>
    </p>
   </div>
   <div class='ocr_carea' id='block_1_10' title="bbox 341 3244 1616 3520">
    <p class='ocr_par' dir='ltr' id='par_1_10' title="bbox 341 3229 1617 3520">
     <span class='ocr_line' id='line_1_27' title="bbox 341 3244 1526 3325; baseline 0.01 -18"><span class='ocrx_word' id='word_1_203' title='bbox 341 3291 344 3297; x_wconf 33' lang='lat'><em>1</em></span> <span class='ocrx_word' id='word_1_204' title='bbox 446 3244 509 3307; x_wconf 88' lang='lat' dir='ltr'><strong>Sed</strong></span> <span class='ocrx_word' id='word_1_205' title='bbox 529 3244 716 3325; x_wconf 89' lang='lat' dir='ltr'><strong>priusquam</strong></span> <span class='ocrx_word' id='word_1_206' title='bbox 737 3245 834 3307; x_wconf 83' lang='lat' dir='ltr'><strong>smem</strong></span> <span class='ocrx_word' id='word_1_207' title='bbox 854 3246 986 3322; x_wconf 88' lang='lat' dir='ltr'><strong>faciam,</strong></span> <span class='ocrx_word' id='word_1_208' title='bbox 1018 3246 1122 3310; x_wconf 84' lang='lat' dir='ltr'><strong>lacere</strong></span> <span class='ocrx_word' id='word_1_209' title='bbox 1141 3245 1336 3310; x_wconf 87' lang='lat' dir='ltr'><strong>mentionem</strong></span> <span class='ocrx_word' id='word_1_210' title='bbox 1357 3248 1452 3315; x_wconf 86' lang='lat' dir='ltr'><strong>iuvat</strong></span> <span class='ocrx_word' id='word_1_211' title='bbox 1474 3272 1526 3316; x_wconf 87' lang='lat' dir='ltr'><strong>ra·</strong></span> 
     </span>
     <span class='ocr_line' id='line_1_28' title="bbox 364 3342 1526 3430; baseline 0.006 -24"><span class='ocrx_word' id='word_1_212' title='bbox 364 3343 479 3420; x_wconf 68' lang='lat' dir='ltr'><strong>tionis,</strong></span> <span class='ocrx_word' id='word_1_213' title='bbox 496 3363 560 3424; x_wconf 92' lang='lat' dir='ltr'><strong>qua</strong></span> <span class='ocrx_word' id='word_1_214' title='bbox 582 3342 716 3406; x_wconf 89' lang='lat' dir='ltr'><strong>adonius</strong></span> <span class='ocrx_word' id='word_1_215' title='bbox 736 3362 800 3407; x_wconf 91' lang='lat' dir='ltr'><strong>uno</strong></span> <span class='ocrx_word' id='word_1_216' title='bbox 820 3343 975 3408; x_wconf 87' lang='lat' dir='ltr'><strong>vocabulo</strong></span> <span class='ocrx_word' id='word_1_217' title='bbox 998 3345 1211 3421; x_wconf 88' lang='lat' dir='ltr'><strong>contineatur,</strong></span> <span class='ocrx_word' id='word_1_218' title='bbox 1232 3349 1268 3409; x_wconf 90' lang='lat' dir='ltr'><strong>ut</strong></span> <span class='ocrx_word' id='word_1_219' title='bbox 1288 3348 1321 3422; x_wconf 92' lang='lat'><strong>8,</strong></span> <span class='ocrx_word' id='word_1_220' title='bbox 1345 3347 1383 3409; x_wconf 93' lang='grc'><strong>19</strong></span> <span class='ocrx_word' id='word_1_221' title='bbox 1404 3347 1526 3430; x_wconf 86' lang='lat' dir='ltr'><strong>‘gram-</strong></span> 
     </span>
     <span class='ocr_line' id='line_1_29' title="bbox 365 3442 1616 3520; baseline 0.001 -14"><span class='ocrx_word' id='word_1_222' title='bbox 365 3442 572 3518; x_wconf 88' lang='lat' dir='ltr'><strong>maticorum&#39;,</strong></span> <span class='ocrx_word' id='word_1_223' title='bbox 596 3443 752 3506; x_wconf 91' lang='lat' dir='ltr'><strong>accedunt</strong></span> <span class='ocrx_word' id='word_1_224' title='bbox 773 3445 802 3520; x_wconf 88' lang='grc'>9,</span> <span class='ocrx_word' id='word_1_225' title='bbox 824 3444 860 3517; x_wconf 79' lang='grc'><strong>4;</strong></span> <span class='ocrx_word' id='word_1_226' title='bbox 884 3446 913 3520; x_wconf 92' lang='grc'>9,</span> <span class='ocrx_word' id='word_1_227' title='bbox 935 3446 970 3518; x_wconf 92' lang='grc'><strong>8;</strong></span> <span class='ocrx_word' id='word_1_228' title='bbox 995 3444 1021 3518; x_wconf 88' lang='grc'><strong>1,</strong></span> <span class='ocrx_word' id='word_1_229' title='bbox 1047 3445 1092 3508; x_wconf 88' lang='grc'>16.</span> <span class='ocrx_word' id='word_1_230' title='bbox 1615 3483 1616 3488; x_wconf 40' lang='lat'>1</span> 
     </span>
    </p>
   </div>
   <div class='ocr_carea' id='block_1_11' title="bbox 314 3573 1526 4357">
    <p class='ocr_par' dir='ltr' id='par_1_11' title="bbox 365 3573 1526 4259">
     <span class='ocr_line' id='line_1_30' title="bbox 445 3573 1523 3657; baseline 0.007 -19"><span class='ocrx_word' id='word_1_231' title='bbox 445 3575 588 3639; x_wconf 90' lang='lat' dir='ltr'><strong>Primum</strong></span> <span class='ocrx_word' id='word_1_232' title='bbox 608 3573 716 3654; x_wconf 87' lang='lat' dir='ltr'><strong>itaque</strong></span> <span class='ocrx_word' id='word_1_233' title='bbox 737 3576 762 3638; x_wconf 91' lang='lat' dir='ltr'><strong>si</strong></span> <span class='ocrx_word' id='word_1_234' title='bbox 785 3576 827 3639; x_wconf 89' lang='lat' dir='ltr'><strong>ad</strong></span> <span class='ocrx_word' id='word_1_235' title='bbox 849 3576 1120 3657; x_wconf 89' lang='lat' dir='ltr'><strong>comparationem</strong></span> <span class='ocrx_word' id='word_1_236' title='bbox 1141 3577 1397 3642; x_wconf 90' lang='lat' dir='ltr'><strong>arcessiverimus</strong></span> <span class='ocrx_word' id='word_1_237' title='bbox 1415 3579 1523 3645; x_wconf 90' lang='lat' dir='ltr'><strong>Hora-</strong></span> 
     </span>
     <span class='ocr_line' id='line_1_31' title="bbox 365 3675 1526 3757; baseline 0.006 -18"><span class='ocrx_word' id='word_1_238' title='bbox 365 3676 461 3752; x_wconf 84' lang='lat' dir='ltr'><strong>tium,</strong></span> <span class='ocrx_word' id='word_1_239' title='bbox 491 3675 659 3756; x_wconf 88' lang='lat' dir='ltr'><strong>apparebit</strong></span> <span class='ocrx_word' id='word_1_240' title='bbox 681 3675 822 3739; x_wconf 88' lang='lat' dir='ltr'><strong>versibus</strong></span> <span class='ocrx_word' id='word_1_241' title='bbox 845 3695 940 3740; x_wconf 90' lang='lat' dir='ltr'><strong>carm.</strong></span> <span class='ocrx_word' id='word_1_242' title='bbox 964 3677 985 3752; x_wconf 94' lang='grc' dir='ltr'><strong>Ι,</strong></span> <span class='ocrx_word' id='word_1_243' title='bbox 1013 3677 1059 3752; x_wconf 87' lang='grc'><strong>19,</strong></span> <span class='ocrx_word' id='word_1_244' title='bbox 1077 3677 1135 3751; x_wconf 78' lang='lat'><strong>40;</strong></span> <span class='ocrx_word' id='word_1_245' title='bbox 1163 3679 1211 3753; x_wconf 87' lang='lat'><strong>30,</strong></span> <span class='ocrx_word' id='word_1_246' title='bbox 1234 3680 1269 3752; x_wconf 88' lang='lat'><strong>8;</strong></span> <span class='ocrx_word' id='word_1_247' title='bbox 1299 3678 1333 3753; x_wconf 93' lang='lat' dir='ltr'><strong>ll,</strong></span> <span class='ocrx_word' id='word_1_248' title='bbox 1356 3680 1384 3756; x_wconf 81' lang='lat'><strong>6,</strong></span> <span class='ocrx_word' id='word_1_249' title='bbox 1409 3681 1441 3757; x_wconf 91' lang='grc'><strong>8,</strong></span> <span class='ocrx_word' id='word_1_250' title='bbox 1472 3683 1526 3746; x_wconf 92' lang='lat' dir='ltr'><strong>ubi</strong></span> 
     </span>
     <span class='ocr_line' id='line_1_32' title="bbox 365 3773 1525 3865; baseline 0.007 -27"><span class='ocrx_word' id='word_1_251' title='bbox 365 3775 521 3858; x_wconf 86' lang='lat' dir='ltr'><strong>particula</strong></span> <span class='ocrx_word' id='word_1_252' title='bbox 547 3773 627 3856; x_wconf 84' lang='lat' dir='ltr'><strong>‘que’</strong></span> <span class='ocrx_word' id='word_1_253' title='bbox 649 3775 791 3839; x_wconf 90' lang='lat' dir='ltr'><strong>versibus</strong></span> <span class='ocrx_word' id='word_1_254' title='bbox 819 3775 989 3853; x_wconf 88' lang='lat' dir='ltr'><strong>adhaeret,</strong></span> <span class='ocrx_word' id='word_1_255' title='bbox 1019 3778 1264 3858; x_wconf 57' lang='lat' dir='ltr'><strong>praetermissis</strong></span> <span class='ocrx_word' id='word_1_256' title='bbox 1294 3778 1418 3843; x_wconf 93' lang='lat' dir='ltr'><strong>nullum</strong></span> <span class='ocrx_word' id='word_1_257' title='bbox 1452 3803 1525 3865; x_wconf 92' lang='lat' dir='ltr'><strong>pro·</strong></span> 
     </span>
     <span class='ocr_line' id='line_1_33' title="bbox 365 3875 1526 3960; baseline 0.005 -21"><span class='ocrx_word' id='word_1_258' title='bbox 365 3877 447 3939; x_wconf 86' lang='lat' dir='ltr'><strong>fecto</strong></span> <span class='ocrx_word' id='word_1_259' title='bbox 468 3893 594 3938; x_wconf 87' lang='lat' dir='ltr'><strong>versum</strong></span> <span class='ocrx_word' id='word_1_260' title='bbox 616 3875 657 3938; x_wconf 92' lang='lat' dir='ltr'><strong>ab</strong></span> <span class='ocrx_word' id='word_1_261' title='bbox 678 3895 715 3938; x_wconf 92' lang='lat' dir='ltr'><strong>eo</strong></span> <span class='ocrx_word' id='word_1_262' title='bbox 738 3875 781 3939; x_wconf 89' lang='lat' dir='ltr'><strong>ita</strong></span> <span class='ocrx_word' id='word_1_263' title='bbox 801 3876 1033 3939; x_wconf 85' lang='lat' dir='ltr'><strong>conformatum</strong></span> <span class='ocrx_word' id='word_1_264' title='bbox 1055 3897 1121 3940; x_wconf 83' lang='lat' dir='ltr'><strong>esse</strong></span> <span class='ocrx_word' id='word_1_265' title='bbox 1143 3877 1201 3940; x_wconf 93' lang='lat' dir='ltr'><strong>nisi</strong></span> <span class='ocrx_word' id='word_1_266' title='bbox 1222 3878 1323 3940; x_wconf 92' lang='lat' dir='ltr'><strong>solum</strong></span> <span class='ocrx_word' id='word_1_267' title='bbox 1344 3877 1394 3956; x_wconf 91' lang='lat' dir='ltr'><strong>lV,</strong></span> <span class='ocrx_word' id='word_1_268' title='bbox 1415 3881 1467 3960; x_wconf 87' lang='lat'><strong>11,</strong></span> <span class='ocrx_word' id='word_1_269' title='bbox 1488 3883 1526 3944; x_wconf 93' lang='grc'>98</span> 
     </span>
     <span class='ocr_line' id='line_1_34' title="bbox 367 3974 1525 4060; baseline 0.007 -23"><span class='ocrx_word' id='word_1_270' title='bbox 367 3974 526 4055; x_wconf 84' lang='lat' dir='ltr'><strong>expletum</strong></span> <span class='ocrx_word' id='word_1_271' title='bbox 547 3974 675 4037; x_wconf 91' lang='lat' dir='ltr'><strong>nomine</strong></span> <span class='ocrx_word' id='word_1_272' title='bbox 696 3976 825 4056; x_wconf 88' lang='lat' dir='ltr'><strong>proprio</strong></span> <span class='ocrx_word' id='word_1_273' title='bbox 847 3975 1149 4057; x_wconf 59' lang='lat' dir='ltr'><strong>‘Bellerophontem</strong></span> <span class='ocrx_word' id='word_1_274' title='bbox 1192 3978 1325 4054; x_wconf 86' lang='lat' dir='ltr'><strong>Quaeris</strong></span> <span class='ocrx_word' id='word_1_275' title='bbox 1346 3979 1445 4060; x_wconf 86' lang='lat' dir='ltr'><strong>forte,</strong></span> <span class='ocrx_word' id='word_1_276' title='bbox 1470 4001 1525 4045; x_wconf 91' lang='lat' dir='ltr'><strong>cur</strong></span> 
     </span>
     <span class='ocr_line' id='line_1_35' title="bbox 367 4073 1524 4157; baseline 0.009 -21"><span class='ocrx_word' id='word_1_277' title='bbox 367 4073 419 4137; x_wconf 92' lang='lat' dir='ltr'><strong>hic</strong></span> <span class='ocrx_word' id='word_1_278' title='bbox 440 4093 515 4137; x_wconf 92' lang='lat' dir='ltr'><strong>usus</strong></span> <span class='ocrx_word' id='word_1_279' title='bbox 536 4074 623 4156; x_wconf 91' lang='lat' dir='ltr'><strong>apud</strong></span> <span class='ocrx_word' id='word_1_280' title='bbox 645 4075 823 4139; x_wconf 87' lang='lat' dir='ltr'><strong>Ausonium</strong></span> <span class='ocrx_word' id='word_1_281' title='bbox 844 4080 1060 4157; x_wconf 89' lang='lat' dir='ltr'><strong>posterosque,</strong></span> <span class='ocrx_word' id='word_1_282' title='bbox 1081 4081 1117 4141; x_wconf 95' lang='lat' dir='ltr'><strong>ut</strong></span> <span class='ocrx_word' id='word_1_283' title='bbox 1137 4077 1329 4154; x_wconf 90' lang='lat' dir='ltr'><strong>videbimus,</strong></span> <span class='ocrx_word' id='word_1_284' title='bbox 1354 4079 1524 4146; x_wconf 77' lang='lat' dir='ltr'><strong>obtineat?</strong></span> 
     </span>
     <span class='ocr_line' id='line_1_36' title="bbox 367 4172 1524 4259; baseline 0.009 -23"><span class='ocrx_word' id='word_1_285' title='bbox 367 4173 472 4237; x_wconf 86' lang='lat' dir='ltr'><strong>Causa</strong></span> <span class='ocrx_word' id='word_1_286' title='bbox 503 4172 569 4237; x_wconf 90' lang='lat' dir='ltr'><strong>sine</strong></span> <span class='ocrx_word' id='word_1_287' title='bbox 599 4194 718 4256; x_wconf 84' lang='lat' dir='ltr'><strong>magna</strong></span> <span class='ocrx_word' id='word_1_288' title='bbox 749 4175 933 4241; x_wconf 82' lang='lat' dir='ltr'><strong>difficultate</strong></span> <span class='ocrx_word' id='word_1_289' title='bbox 966 4177 1154 4258; x_wconf 89' lang='lat' dir='ltr'><strong>perspicitur</strong></span> <span class='ocrx_word' id='word_1_290' title='bbox 1187 4197 1240 4254; x_wconf 87' lang='lat' dir='ltr'><strong>ea,</strong></span> <span class='ocrx_word' id='word_1_291' title='bbox 1279 4179 1366 4259; x_wconf 90' lang='lat' dir='ltr'><strong>quod</strong></span> <span class='ocrx_word' id='word_1_292' title='bbox 1398 4182 1524 4246; x_wconf 86' lang='lat' dir='ltr'><strong>cautius</strong></span> 
     </span>
    </p>

    <p class='ocr_par' dir='ltr' id='par_1_12' title="bbox 314 4271 1521 4357">
     <span class='ocr_line' id='line_1_37' title="bbox 314 4271 1521 4357; baseline 0.006 -22"><span class='ocrx_word' id='word_1_293' title='bbox 314 4333 323 4350; x_wconf 74' lang='grc'>,</span> <span class='ocrx_word' id='word_1_294' title='bbox 367 4271 497 4336; x_wconf 83' lang='lat' dir='ltr'><strong>Flaccus</strong></span> <span class='ocrx_word' id='word_1_295' title='bbox 518 4274 727 4355; x_wconf 89' lang='lat' dir='ltr'><strong>complurium</strong></span> <span class='ocrx_word' id='word_1_296' title='bbox 755 4274 948 4357; x_wconf 81' lang='lat' dir='ltr'><strong>syllabarum</strong></span> <span class='ocrx_word' id='word_1_297' title='bbox 966 4290 1062 4340; x_wconf 82' lang='lat' dir='ltr'><strong>voces</strong></span> <span class='ocrx_word' id='word_1_298' title='bbox 1091 4277 1123 4341; x_wconf 94' lang='lat' dir='ltr'><strong>in</strong></span> <span class='ocrx_word' id='word_1_299' title='bbox 1144 4297 1212 4341; x_wconf 87' lang='lat' dir='ltr'><strong>rern</strong></span> <span class='ocrx_word' id='word_1_300' title='bbox 1240 4296 1331 4341; x_wconf 91' lang='lat' dir='ltr'><strong>suam</strong></span> <span class='ocrx_word' id='word_1_301' title='bbox 1355 4279 1521 4354; x_wconf 86' lang='lat' dir='ltr'><strong>convertit,</strong></span> 
     </span>
    </p>
   </div>
   <div class='ocr_carea' id='block_1_12' title="bbox 0 0 1643 5102">
    <p class='ocr_par' dir='ltr' id='par_1_13' title="bbox 0 0 1643 5102">
     <span class='ocr_line' id='line_1_38' title="bbox 0 0 1643 5102; baseline 0 0"><span class='ocrx_word' id='word_1_302' title='bbox 0 0 1643 5102; x_wconf 95' lang='lat' dir='ltr'><strong> </strong></span> 
     </span>
    </p>
   </div>
  </div>
 </body>
</html>
