3262 5102
645 415 715 550 a

28 657 30 700 1
113 640 190 718 atque
212 637 383 712 uniforme3
416 642 513 718 atque
539 655 611 700 cum
639 633 824 699 caesurain
853 635 966 700 eadem
987 637 1062 700 sede
1093 639 1243 703 continuo

113 739 282 815 perseveret,
311 735 403 800 inea
432 735 528 800 eliam
556 733 731 798 sententiae
759 733 900 797 crebrius
929 735 1025 800 finem
1054 757 1168 820 capere
1196 739 1243 802 in-
1316 722 1318 732 ’

28 881 29 924 ,
113 833 226 914 cipiunt,
249 834 285 897 cf.
308 833 357 910 IV,
379 836 416 912 5,
438 835 486 898 33.
503 837 552 898 30.
568 834 618 898 37.
660 833 709 910 lV,
733 833 768 910 7,
794 834 840 896 14.
857 834 906 921 19.
923 835 970 898 31.

28 1017 29 1030 ,
176 950 302 1032 Semper
313 969 389 1014 vero
404 951 573 1014 verborum
590 951 749 1013 structura
764 949 943 1014 continetur
958 969 1023 1020 una
1038 951 1170 1033 stropha
1185 973 1245 1018 nec

28 1057 29 1062 ’
112 1048 239 1112 carminis
259 1048 309 1126 IV,
333 1050 353 1112 5
382 1048 547 1131 stropham
574 1052 696 1114 sextam
724 1049 847 1112 excludi
869 1049 982 1128 velim,
1012 1051 1087 1114 item
1116 1071 1245 1133 prorsus

28 1215 30 1240 .
112 1147 207 1210 desunt
222 1166 330 1210 versus
352 1146 545 1228 hypermetri
566 1165 788 1228 necunquam
808 1146 873 1210 bini
888 1167 998 1212 versus
1016 1153 1072 1212 aut
1094 1150 1245 1233 strophae

28 1289 29 1332 ,
113 1246 218 1310 elisione
238 1245 403 1326 angustius
425 1249 641 1310 conectuntur.
754 1277 756 1284 ¹

28 1409 29 1432 ,
177 1343 377 1426 Inspiciamus
388 1349 505 1422 autem,
520 1344 546 1408 si
556 1344 670 1426 placet,
686 1343 930 1424 compositiones
940 1344 1123 1422 nominum;
1146 1347 1246 1412 habes

114 1443 220 1506 casdem
248 1444 367 1507 lormas
395 1464 498 1526 paene
527 1463 653 1520 omneS,
687 1463 767 1524 quas
797 1443 885 1525 apud
912 1443 1061 1508 Flaccum
1090 1445 1245 1511 invenisti.

28 1543 29 1552 ’
114 1541 209 1604 Forma
234 1541 246 1609 l
273 1562 349 1606 vero
379 1542 410 1606 in
440 1542 566 1606 alcaicis
595 1560 660 1605 non
690 1541 784 1606 nimis
812 1545 859 1606 est
887 1547 1057 1624 usurpata,
1085 1548 1133 1608 ter
1161 1545 1246 1610 enim

28 1709 30 1726 Ι
115 1639 225 1720 legitur:
760 1704 763 1713 ,

28 1773 30 1822 3
116 1740 143 1801 6:
357 1741 510 1806 concessit
531 1741 629 1806 altis
647 1739 652 1820 Ι
670 1740 786 1805 obruta
807 1739 983 1817 solibus,

116 1839 250 1903 accedunt
272 1844 319 1908 18.
336 1844 385 1906 38.

28 1937 29 1968 ³
181 1941 308 2008 Fonnae
329 1942 355 2006 ll
378 1939 523 2022 exempla
543 1939 607 2004 duo
629 1943 703 2003 sunt
723 1939 766 2003 ad
786 1959 935 2017 manum,
965 1940 998 2004 1:

28 2093 29 2100 ,
307 2048 310 2064 ’
366 2039 485 2123 parvi
507 2040 620 2104 beatus
638 2038 642 2118 Ι
661 2039 771 2104 ruris
792 2039 975 2118 honoribus

28 2125 30 2142 '
117 2145 195 2223 atque
214 2144 265 2221 50,
286 2143 390 2206 forma
410 2140 450 2204 lll
470 2139 616 2220 neglecta
638 2143 693 2203 est.

28 2239 29 2272 ³
181 2241 212 2304 ln
239 2239 513 2322 hendecasyllabis
541 2242 650 2303 autem
678 2238 838 2320 sapphicis
866 2239 999 2320 paulurn
1027 2237 1131 2301 differt
1157 2239 1248 2315 ratio,

117 2359 162 2420 pro
179 2361 272 2422 parvo
301 2339 387 2404 enirn
408 2358 558 2402 versuum
585 2357 719 2403 numero
739 2337 803 2420 (la)
827 2337 1009 2420 saepissime
1038 2336 1159 2400 invenis
1189 2337 1251 2400 for·

28 2447 30 2480 ⁴
109 2458 188 2504 mam
202 2442 223 2519 Ι,
242 2440 400 2517 undecies
426 2441 451 2503 1.
472 2439 501 2502 3.
526 2441 572 2503 10.
596 2440 642 2502 18.
664 2439 713 2502 21.
738 2439 786 2503 33.
809 2439 858 2502 36.
882 2440 930 2503 33.
953 2439 1002 2503 37.
1023 2439 1074 2502 lu.
1097 2439 1148 2514 47,
1169 2437 1251 2500 ratio
1384 2516 1386 2521 ,

29 2541 30 2602 ζ
118 2544 155 2604 est
180 2543 249 2606 121
276 2538 366 2622 (Hor.
398 2537 542 2620 1:512),
571 2537 692 2603 formae
722 2539 748 2601 Π
776 2537 994 2619 exemplorum
1024 2558 1175 2602 numerus
1205 2540 1253 2600 cst

28 2647 30 2732 j
118 2634 186 2701 idem
206 2643 298 2722 atque
320 2644 431 2704 antea:
459 2639 488 2702 3.
511 2640 560 2716 54,
582 2640 685 2704 forma
702 2639 742 2702 ΠΙ
762 2639 858 2702 semel
879 2643 1050 2720 spectatur,
1072 2639 1121 2717 IV,
1145 2640 1173 2716 7,
1194 2639 1250 2704 la:

28 2777 29 2790 .
351 2740 422 2804 ille
443 2743 478 2804 ut
499 2739 607 2803 invicti
625 2739 629 2819 l
647 2740 794 2804 habiturn
817 2744 992 2804 secutus

184 2841 311 2908 Formae
340 2861 467 2924 quoque
497 2841 524 2904 l·
551 2845 583 2906 et
610 2841 664 2906 111·
691 2841 834 2905 simodo
862 2841 955 2905 unius
983 2860 1092 2905 versus
1113 2840 1252 2922 spatium

28 3027 29 3032 ἵ
118 2956 170 3002 non
194 2943 480 3025 transgrediuntur,
510 2943 669 3008 interdum
697 2941 907 3023 irrepserunt,
936 2960 1013 3005 nam
1041 2939 1192 3004 formal*
1220 2938 1251 3002 in

120 3041 238 3106 camme
258 3043 369 3128 quinto
392 3043 488 3108 semel
512 3045 615 3112 extat:

299 3143 372 3222 Qua
394 3142 533 3225 prisca
556 3142 690 3208 Taunus
709 3141 713 3221 l
731 3141 838 3205 Alba
860 3141 1044 3216 relitteres,

29 3251 30 3326 j
119 3233 144 3298 in
162 3243 289 3322 carnu'ne
314 3243 450 3326 septimo
478 3247 543 3308 ter:
574 3244 623 3306 16.
646 3244 694 3306 33.
717 3242 765 3306 37.
808 3241 924 3305 Forma
945 3240 999 3304 ΙΙΙὓ
1021 3240 1053 3304 in
1082 3239 1252 3320 systemate

28 3333 30 3392 l
120 3337 223 3406 alcaico·
238 3347 285 3409 ter
306 3345 476 3426 reperitur:
503 3345 531 3408 5.
558 3345 604 3408 14.
625 3344 675 3408 49.

29 3471 30 3476 ’
120 3435 147 3500 5:
279 3442 345 3509 iam
365 3447 461 3510 trux
482 3445 525 3509 ad
546 3441 901 3523 ArctoslPorrhusius
923 3440 1069 3515 hiems,

28 3587 29 3596 .
120 3534 144 3600 in
162 3543 304 3624 sapphico
326 3565 392 3609 non
413 3545 466 3610 ita.

185 3657 277 3726 lmmo
299 3661 426 3743 saepius
455 3659 624 3724 fonnasX
652 3658 714 3740 legi
742 3658 953 3734 delectamur,
983 3657 1048 3720 sive
1077 3656 1252 3719 formarum

28 3779 29 3784 ¹
120 3749 199 3821 luel
218 3759 269 3826 lu·
289 3761 427 3844 speciem
454 3760 590 3837 hahent,
621 3759 686 3822 sive
707 3757 774 3822 sine
796 3777 835 3820 ea
856 3756 1009 3832 existunt,
1039 3759 1070 3819 et
1092 3753 1252 3840 exemplo·

120 3869 185 3932 lum,
204 3879 282 3940 quae
305 3860 411 3925 inveni
431 3859 578 3937 sedecim,
601 3858 754 3923 nonnulla
776 3877 922 3939 promere
945 3856 1086 3920 sufficiet.

121 3966 142 4044 5,
160 3972 267 4042 31331
323 3978 386 4042 Sed
407 3981 520 4041 terra
537 3973 654 4058 primis
673 3975 677 4055 l
694 3978 767 4057 post
787 3975 926 4057 patriam
945 3971 1024 4036 mihi
1154 4024 1156 4029 .

324 4077 482 4141 dilecta
504 4077 604 4154 carim
624 4074 628 4155 l
646 4074 699 4139 hic
718 4094 792 4139 mea
813 4074 955 4138 carmina

28 4223 30 4234 .
122 4161 154 4244 (5,
171 4172 213 4237 31.
228 4175 281 4240 31:
405 4195 522 4240 messes
543 4175 746 4257 odoratisque
767 4193 862 4238 rara

404 4277 594 4343 cinnama
615 4275 786 4358 praeripiet
807 4269 959 4354 sabaeo).
