<?xml version="1.0" encoding="UTF-8"?>
<!DOCTYPE html PUBLIC "-//W3C//DTD XHTML 1.0 Transitional//EN"
    "http://www.w3.org/TR/xhtml1/DTD/xhtml1-transitional.dtd">
<html xmlns="http://www.w3.org/1999/xhtml" xml:lang="en" lang="en">
 <head>
  <title>
</title>
<meta http-equiv="Content-Type" content="text/html;charset=utf-8" />
  <meta name='ocr-system' content='tesseract 3.04.00' />
  <meta name='ocr-capabilities' content='ocr_page ocr_carea ocr_par ocr_line ocrx_word'/>
</head>
<body>
  <div class='ocr_page' id='page_1' title='image "./demetrorumlyric00reicgoog_0048.png"; bbox 0 0 3262 5102; ppageno 0'>
   <div class='ocr_carea' id='block_1_1' title="bbox 666 417 706 480">
    <p class='ocr_par' dir='ltr' id='par_1_1' title="bbox 666 417 706 480">
     <span class='ocr_line' id='line_1_1' title="bbox 666 417 706 480; baseline 0.025 -1"><span class='ocrx_word' id='word_1_1' title='bbox 666 417 706 480; x_wconf 82' lang='lat'>39</span> 
     </span>
    </p>
   </div>
   <div class='ocr_carea' id='block_1_2' title="bbox 110 589 1263 786">
    <p class='ocr_par' dir='ltr' id='par_1_2' title="bbox 110 589 1263 786">
     <span class='ocr_line' id='line_1_2' title="bbox 110 589 1263 684; baseline 0.014 -32"><span class='ocrx_word' id='word_1_2' title='bbox 110 589 197 653; x_wconf 92' lang='lat' dir='ltr'>modo</span> <span class='ocrx_word' id='word_1_3' title='bbox 223 592 396 656; x_wconf 89' lang='lat' dir='ltr'>collocatus</span> <span class='ocrx_word' id='word_1_4' title='bbox 424 598 486 670; x_wconf 90' lang='lat' dir='ltr'>est,</span> <span class='ocrx_word' id='word_1_5' title='bbox 517 593 592 673; x_wconf 90' lang='lat' dir='ltr'>quia</span> <span class='ocrx_word' id='word_1_6' title='bbox 622 613 683 657; x_wconf 89' lang='lat' dir='ltr'>vox</span> <span class='ocrx_word' id='word_1_7' title='bbox 714 599 865 676; x_wconf 88' lang='lat' dir='ltr'>quattuor</span> <span class='ocrx_word' id='word_1_8' title='bbox 894 598 1089 679; x_wconf 81' lang='lat' dir='ltr'>syllabarum</span> <span class='ocrx_word' id='word_1_9' title='bbox 1120 603 1263 684; x_wconf 82' lang='lat' dir='ltr'>exigitur,</span> 
     </span>
     <span class='ocr_line' id='line_1_3' title="bbox 111 692 1262 786; baseline 0.013 -33"><span class='ocrx_word' id='word_1_10' title='bbox 111 692 156 754; x_wconf 90' lang='lat' dir='ltr'>hic</span> <span class='ocrx_word' id='word_1_11' title='bbox 174 711 249 756; x_wconf 87' lang='lat' dir='ltr'>usus</span> <span class='ocrx_word' id='word_1_12' title='bbox 263 693 370 757; x_wconf 91' lang='lat' dir='ltr'>minus</span> <span class='ocrx_word' id='word_1_13' title='bbox 384 695 484 770; x_wconf 86' lang='lat' dir='ltr'>lloret,</span> <span class='ocrx_word' id='word_1_14' title='bbox 507 694 657 757; x_wconf 87' lang='lat' dir='ltr'>undecies</span> <span class='ocrx_word' id='word_1_15' title='bbox 678 694 762 757; x_wconf 89' lang='lat' dir='ltr'>enim</span> <span class='ocrx_word' id='word_1_16' title='bbox 781 694 814 758; x_wconf 92' lang='lat' dir='ltr'>id</span> <span class='ocrx_word' id='word_1_17' title='bbox 828 696 988 761; x_wconf 89' lang='lat' dir='ltr'>invenitur</span> <span class='ocrx_word' id='word_1_18' title='bbox 1009 698 1082 780; x_wconf 85' lang='lat' dir='ltr'>(hoc</span> <span class='ocrx_word' id='word_1_19' title='bbox 1105 706 1152 765; x_wconf 92' lang='lat' dir='ltr'>est</span> <span class='ocrx_word' id='word_1_20' title='bbox 1172 703 1262 786; x_wconf 88' lang='lat'>1:3).</span> 
     </span>
    </p>
   </div>
   <div class='ocr_carea' id='block_1_3' title="bbox 110 823 1264 1310">
    <p class='ocr_par' dir='ltr' id='par_1_3' title="bbox 110 823 1264 1310">
     <span class='ocr_line' id='line_1_4' title="bbox 182 823 1264 909; baseline 0.011 -23"><span class='ocrx_word' id='word_1_21' title='bbox 182 823 271 887; x_wconf 90' lang='lat' dir='ltr'>Haec</span> <span class='ocrx_word' id='word_1_22' title='bbox 292 825 332 887; x_wconf 89' lang='lat' dir='ltr'>de</span> <span class='ocrx_word' id='word_1_23' title='bbox 350 823 550 904; x_wconf 88' lang='lat' dir='ltr'>asclepiadeo</span> <span class='ocrx_word' id='word_1_24' title='bbox 564 823 686 890; x_wconf 89' lang='lat' dir='ltr'>maiore</span> <span class='ocrx_word' id='word_1_25' title='bbox 704 825 922 909; x_wconf 87' lang='lat' dir='ltr'>sapphicoque</span> <span class='ocrx_word' id='word_1_26' title='bbox 945 829 1053 894; x_wconf 88' lang='lat' dir='ltr'>altero.</span> <span class='ocrx_word' id='word_1_27' title='bbox 1088 833 1134 895; x_wconf 91' lang='lat' dir='ltr'>De</span> <span class='ocrx_word' id='word_1_28' title='bbox 1152 835 1264 898; x_wconf 87' lang='lat' dir='ltr'>ceteris</span> 
     </span>
     <span class='ocr_line' id='line_1_5' title="bbox 110 924 1264 1012; baseline 0.01 -25"><span class='ocrx_word' id='word_1_29' title='bbox 110 925 209 988; x_wconf 88' lang='lat' dir='ltr'>metris</span> <span class='ocrx_word' id='word_1_30' title='bbox 228 925 271 988; x_wconf 91' lang='lat' dir='ltr'>ab</span> <span class='ocrx_word' id='word_1_31' title='bbox 294 925 429 988; x_wconf 87' lang='lat' dir='ltr'>Horatio</span> <span class='ocrx_word' id='word_1_32' title='bbox 452 924 484 986; x_wconf 94' lang='lat' dir='ltr'>in</span> <span class='ocrx_word' id='word_1_33' title='bbox 506 924 700 988; x_wconf 76' lang='lat' dir='ltr'>camlinihus</span> <span class='ocrx_word' id='word_1_34' title='bbox 721 925 889 1005; x_wconf 83' lang='lat' dir='ltr'>adhibitis,</span> <span class='ocrx_word' id='word_1_35' title='bbox 913 948 997 1009; x_wconf 89' lang='lat' dir='ltr'>quae</span> <span class='ocrx_word' id='word_1_36' title='bbox 1019 931 1145 1012; x_wconf 90' lang='lat' dir='ltr'>singula</span> <span class='ocrx_word' id='word_1_37' title='bbox 1166 936 1264 998; x_wconf 89' lang='lat' dir='ltr'>semel</span> 
     </span>
     <span class='ocr_line' id='line_1_6' title="bbox 110 1026 1262 1113; baseline 0.01 -25"><span class='ocrx_word' id='word_1_38' title='bbox 110 1030 177 1088; x_wconf 87' lang='lat' dir='ltr'>sunt</span> <span class='ocrx_word' id='word_1_39' title='bbox 196 1026 294 1097; x_wconf 86' lang='lat' dir='ltr'>allata</span> <span class='ocrx_word' id='word_1_40' title='bbox 322 1029 379 1089; x_wconf 89' lang='lat' dir='ltr'>aut</span> <span class='ocrx_word' id='word_1_41' title='bbox 403 1027 481 1105; x_wconf 90' lang='lat' dir='ltr'>quot</span> <span class='ocrx_word' id='word_1_42' title='bbox 508 1028 654 1104; x_wconf 85' lang='lat' dir='ltr'>spectant</span> <span class='ocrx_word' id='word_1_43' title='bbox 676 1026 720 1089; x_wconf 92' lang='lat' dir='ltr'>ad</span> <span class='ocrx_word' id='word_1_44' title='bbox 741 1027 868 1107; x_wconf 82' lang='lat' dir='ltr'>epodon</span> <span class='ocrx_word' id='word_1_45' title='bbox 889 1028 1022 1108; x_wconf 91' lang='lat' dir='ltr'>librum,</span> <span class='ocrx_word' id='word_1_46' title='bbox 1052 1033 1131 1095; x_wconf 88' lang='lat' dir='ltr'>nihil</span> <span class='ocrx_word' id='word_1_47' title='bbox 1148 1034 1262 1113; x_wconf 86' lang='lat' dir='ltr'>habeo,</span> 
     </span>
     <span class='ocr_line' id='line_1_7' title="bbox 111 1124 1263 1211; baseline 0.009 -23"><span class='ocrx_word' id='word_1_48' title='bbox 111 1125 189 1206; x_wconf 91' lang='lat' dir='ltr'>quod</span> <span class='ocrx_word' id='word_1_49' title='bbox 208 1125 346 1200; x_wconf 86' lang='lat' dir='ltr'>addam;</span> <span class='ocrx_word' id='word_1_50' title='bbox 375 1143 453 1187; x_wconf 89' lang='lat' dir='ltr'>nam</span> <span class='ocrx_word' id='word_1_51' title='bbox 474 1124 526 1186; x_wconf 90' lang='lat' dir='ltr'>illa</span> <span class='ocrx_word' id='word_1_52' title='bbox 557 1128 679 1187; x_wconf 89' lang='lat' dir='ltr'>certum</span> <span class='ocrx_word' id='word_1_53' title='bbox 700 1145 794 1190; x_wconf 91' lang='lat' dir='ltr'>usum</span> <span class='ocrx_word' id='word_1_54' title='bbox 816 1131 947 1209; x_wconf 89' lang='lat' dir='ltr'>propter</span> <span class='ocrx_word' id='word_1_55' title='bbox 976 1131 1172 1211; x_wconf 78' lang='lat' dir='ltr'>paucitatem</span> <span class='ocrx_word' id='word_1_56' title='bbox 1198 1154 1263 1198; x_wconf 93' lang='lat' dir='ltr'>non</span> 
     </span>
     <span class='ocr_line' id='line_1_8' title="bbox 111 1223 1108 1310; baseline 0.004 -19"><span class='ocrx_word' id='word_1_57' title='bbox 111 1229 341 1302; x_wconf 88' lang='lat' dir='ltr'>concesserunt,</span> <span class='ocrx_word' id='word_1_58' title='bbox 363 1225 449 1304; x_wconf 85' lang='lat' dir='ltr'>haec¹</span> <span class='ocrx_word' id='word_1_59' title='bbox 464 1243 529 1286; x_wconf 91' lang='lat' dir='ltr'>non</span> <span class='ocrx_word' id='word_1_60' title='bbox 552 1223 688 1288; x_wconf 86' lang='lat' dir='ltr'>attinent</span> <span class='ocrx_word' id='word_1_61' title='bbox 710 1226 753 1288; x_wconf 90' lang='lat' dir='ltr'>ad</span> <span class='ocrx_word' id='word_1_62' title='bbox 774 1226 858 1290; x_wconf 89' lang='lat' dir='ltr'>hanc</span> <span class='ocrx_word' id='word_1_63' title='bbox 878 1229 1108 1310; x_wconf 89' lang='lat' dir='ltr'>quaestionem.</span> 
     </span>
    </p>
   </div>
   <div class='ocr_carea' id='block_1_4' title="bbox 111 1354 1264 2023">
    <p class='ocr_par' dir='ltr' id='par_1_4' title="bbox 111 1354 1264 2023">
     <span class='ocr_line' id='line_1_9' title="bbox 186 1354 1263 1443; baseline 0.008 -22"><span class='ocrx_word' id='word_1_64' title='bbox 186 1357 330 1439; x_wconf 90' lang='lat' dir='ltr'>Denique</span> <span class='ocrx_word' id='word_1_65' title='bbox 345 1356 409 1419; x_wconf 94' lang='lat' dir='ltr'>noli</span> <span class='ocrx_word' id='word_1_66' title='bbox 425 1354 587 1432; x_wconf 88' lang='lat' dir='ltr'>admirari,</span> <span class='ocrx_word' id='word_1_67' title='bbox 611 1356 698 1436; x_wconf 88' lang='lat' dir='ltr'>quod</span> <span class='ocrx_word' id='word_1_68' title='bbox 715 1358 925 1439; x_wconf 89' lang='lat' dir='ltr'>anaphoram,</span> <span class='ocrx_word' id='word_1_69' title='bbox 944 1361 1142 1443; x_wconf 80' lang='lat' dir='ltr'>epiphoram,</span> <span class='ocrx_word' id='word_1_70' title='bbox 1159 1365 1263 1431; x_wconf 91' lang='lat' dir='ltr'>chias-</span> 
     </span>
     <span class='ocr_line' id='line_1_10' title="bbox 112 1453 1263 1539; baseline 0.006 -16"><span class='ocrx_word' id='word_1_71' title='bbox 112 1480 201 1538; x_wconf 91' lang='lat' dir='ltr'>mum,</span> <span class='ocrx_word' id='word_1_72' title='bbox 224 1458 302 1523; x_wconf 87' lang='lat' dir='ltr'>alias</span> <span class='ocrx_word' id='word_1_73' title='bbox 327 1453 480 1522; x_wconf 79' lang='lat' dir='ltr'>orationis</span> <span class='ocrx_word' id='word_1_74' title='bbox 494 1455 622 1536; x_wconf 82' lang='lat' dir='ltr'>figuras,</span> <span class='ocrx_word' id='word_1_75' title='bbox 639 1455 722 1537; x_wconf 84' lang='lat' dir='ltr'>quae</span> <span class='ocrx_word' id='word_1_76' title='bbox 741 1457 784 1521; x_wconf 86' lang='lat' dir='ltr'>ad</span> <span class='ocrx_word' id='word_1_77' title='bbox 801 1460 1021 1539; x_wconf 89' lang='lat' dir='ltr'>quaestionem</span> <span class='ocrx_word' id='word_1_78' title='bbox 1037 1462 1077 1526; x_wconf 89' lang='lat' dir='ltr'>de</span> <span class='ocrx_word' id='word_1_79' title='bbox 1092 1465 1263 1529; x_wconf 90' lang='lat' dir='ltr'>verborum</span> 
     </span>
     <span class='ocr_line' id='line_1_11' title="bbox 112 1556 1264 1644; baseline 0.005 -21"><span class='ocrx_word' id='word_1_80' title='bbox 112 1558 384 1642; x_wconf 82' lang='lat' dir='ltr'>compositionibus</span> <span class='ocrx_word' id='word_1_81' title='bbox 405 1556 550 1621; x_wconf 84' lang='lat' dir='ltr'>habitam</span> <span class='ocrx_word' id='word_1_82' title='bbox 572 1556 639 1619; x_wconf 88' lang='lat' dir='ltr'>sine</span> <span class='ocrx_word' id='word_1_83' title='bbox 661 1556 758 1619; x_wconf 91' lang='lat' dir='ltr'>dubio</span> <span class='ocrx_word' id='word_1_84' title='bbox 778 1559 976 1640; x_wconf 88' lang='lat' dir='ltr'>pertineant,</span> <span class='ocrx_word' id='word_1_85' title='bbox 1000 1563 1148 1644; x_wconf 86' lang='lat' dir='ltr'>equidem</span> <span class='ocrx_word' id='word_1_86' title='bbox 1169 1566 1264 1630; x_wconf 91' lang='lat' dir='ltr'>nimis</span> 
     </span>
     <span class='ocr_line' id='line_1_12' title="bbox 111 1654 1264 1742; baseline 0.003 -17"><span class='ocrx_word' id='word_1_87' title='bbox 111 1660 302 1742; x_wconf 87' lang='lat' dir='ltr'>neglexerim.</span> <span class='ocrx_word' id='word_1_88' title='bbox 352 1657 477 1721; x_wconf 82' lang='lat' dir='ltr'>Etenim</span> <span class='ocrx_word' id='word_1_89' title='bbox 504 1676 577 1720; x_wconf 92' lang='lat' dir='ltr'>cum</span> <span class='ocrx_word' id='word_1_90' title='bbox 602 1655 712 1720; x_wconf 89' lang='lat' dir='ltr'>Peters</span> <span class='ocrx_word' id='word_1_91' title='bbox 725 1654 746 1737; x_wconf 87' lang='lat'>¹)</span> <span class='ocrx_word' id='word_1_92' title='bbox 776 1657 816 1721; x_wconf 92' lang='lat' dir='ltr'>de</span> <span class='ocrx_word' id='word_1_93' title='bbox 845 1659 903 1722; x_wconf 93' lang='lat' dir='ltr'>illis</span> <span class='ocrx_word' id='word_1_94' title='bbox 932 1661 1008 1726; x_wconf 87' lang='lat' dir='ltr'>satis</span> <span class='ocrx_word' id='word_1_95' title='bbox 1030 1669 1179 1729; x_wconf 87' lang='lat' dir='ltr'>accurate</span> <span class='ocrx_word' id='word_1_96' title='bbox 1201 1665 1264 1730; x_wconf 92' lang='lat' dir='ltr'>dis·</span> 
     </span>
     <span class='ocr_line' id='line_1_13' title="bbox 111 1756 1264 1842; baseline 0.004 -18"><span class='ocrx_word' id='word_1_97' title='bbox 111 1760 276 1842; x_wconf 86' lang='lat' dir='ltr'>putaverit,</span> <span class='ocrx_word' id='word_1_98' title='bbox 311 1758 361 1821; x_wconf 91' lang='lat' dir='ltr'>bis</span> <span class='ocrx_word' id='word_1_99' title='bbox 390 1756 504 1821; x_wconf 86' lang='lat' dir='ltr'>eadem</span> <span class='ocrx_word' id='word_1_100' title='bbox 534 1757 573 1819; x_wconf 92' lang='lat' dir='ltr'>de</span> <span class='ocrx_word' id='word_1_101' title='bbox 599 1777 634 1820; x_wconf 90' lang='grc'>11</span> <span class='ocrx_word' id='word_1_102' title='bbox 667 1777 761 1838; x_wconf 88' lang='lat' dir='ltr'>agere</span> <span class='ocrx_word' id='word_1_103' title='bbox 790 1778 1066 1840; x_wconf 88' lang='lat' dir='ltr'>supervacaneum</span> <span class='ocrx_word' id='word_1_104' title='bbox 1095 1767 1151 1828; x_wconf 88' lang='lat' dir='ltr'>est.</span> <span class='ocrx_word' id='word_1_105' title='bbox 1202 1765 1264 1828; x_wconf 88' lang='lat' dir='ltr'>Ubi</span> 
     </span>
     <span class='ocr_line' id='line_1_14' title="bbox 111 1856 1264 1946; baseline 0.006 -24"><span class='ocrx_word' id='word_1_106' title='bbox 111 1881 194 1946; x_wconf 76' lang='grc'><strong>1110,</strong></span> <span class='ocrx_word' id='word_1_107' title='bbox 218 1862 375 1942; x_wconf 87' lang='lat' dir='ltr'>quantum</span> <span class='ocrx_word' id='word_1_108' title='bbox 397 1857 450 1920; x_wconf 87' lang='lat' dir='ltr'>alii</span> <span class='ocrx_word' id='word_1_109' title='bbox 471 1860 585 1938; x_wconf 87' lang='lat' dir='ltr'>poetae</span> <span class='ocrx_word' id='word_1_110' title='bbox 607 1856 657 1919; x_wconf 90' lang='lat' dir='ltr'>his</span> <span class='ocrx_word' id='word_1_111' title='bbox 675 1858 785 1938; x_wconf 89' lang='lat' dir='ltr'>figuris</span> <span class='ocrx_word' id='word_1_112' title='bbox 806 1859 1000 1939; x_wconf 88' lang='lat' dir='ltr'>studuerint,</span> <span class='ocrx_word' id='word_1_113' title='bbox 1024 1882 1199 1944; x_wconf 87' lang='lat' dir='ltr'>exponam,</span> <span class='ocrx_word' id='word_1_114' title='bbox 1222 1866 1264 1929; x_wconf 87' lang='lat' dir='ltr'>ad</span> 
     </span>
     <span class='ocr_line' id='line_1_15' title="bbox 111 1955 882 2023; baseline -0.003 0"><span class='ocrx_word' id='word_1_115' title='bbox 111 1959 226 2023; x_wconf 86' lang='lat' dir='ltr'>Horatii</span> <span class='ocrx_word' id='word_1_116' title='bbox 247 1977 341 2022; x_wconf 90' lang='lat' dir='ltr'>usum</span> <span class='ocrx_word' id='word_1_117' title='bbox 364 1977 402 2020; x_wconf 89' lang='grc'>11</span> <span class='ocrx_word' id='word_1_118' title='bbox 423 1956 581 2020; x_wconf 87' lang='lat' dir='ltr'>rationem</span> <span class='ocrx_word' id='word_1_119' title='bbox 603 1955 656 2019; x_wconf 93' lang='lat' dir='ltr'>hic</span> <span class='ocrx_word' id='word_1_120' title='bbox 678 1956 740 2020; x_wconf 86' lang='lat' dir='ltr'>illic</span> <span class='ocrx_word' id='word_1_121' title='bbox 761 1957 882 2021; x_wconf 88' lang='lat' dir='ltr'>redibo.</span> 
     </span>
    </p>
   </div>
   <div class='ocr_carea' id='block_1_5' title="bbox 112 2087 1266 2669">
    <p class='ocr_par' dir='ltr' id='par_1_5' title="bbox 112 2087 1266 2669">
     <span class='ocr_line' id='line_1_16' title="bbox 185 2087 1266 2169; baseline 0.001 -15"><span class='ocrx_word' id='word_1_122' title='bbox 185 2091 274 2169; x_wconf 89' lang='lat' dir='ltr'>Quae</span> <span class='ocrx_word' id='word_1_123' title='bbox 308 2089 465 2154; x_wconf 88' lang='lat' dir='ltr'>hactenus</span> <span class='ocrx_word' id='word_1_124' title='bbox 493 2088 533 2151; x_wconf 89' lang='lat' dir='ltr'>de</span> <span class='ocrx_word' id='word_1_125' title='bbox 558 2087 663 2152; x_wconf 81' lang='lat' dir='ltr'>Flacci</span> <span class='ocrx_word' id='word_1_126' title='bbox 692 2088 815 2152; x_wconf 90' lang='lat' dir='ltr'>ratione</span> <span class='ocrx_word' id='word_1_127' title='bbox 846 2091 946 2154; x_wconf 87' lang='lat' dir='ltr'>verba</span> <span class='ocrx_word' id='word_1_128' title='bbox 981 2090 1156 2155; x_wconf 87' lang='lat' dir='ltr'>collocandi</span> <span class='ocrx_word' id='word_1_129' title='bbox 1192 2095 1266 2156; x_wconf 93' lang='lat' dir='ltr'>sunt</span> 
     </span>
     <span class='ocr_line' id='line_1_17' title="bbox 113 2187 1265 2272; baseline -0.002 -16"><span class='ocrx_word' id='word_1_130' title='bbox 113 2191 207 2269; x_wconf 91' lang='lat' dir='ltr'>dicta,</span> <span class='ocrx_word' id='word_1_131' title='bbox 235 2187 454 2270; x_wconf 58' lang='lat' dir='ltr'>sufficimur·</span> <span class='ocrx_word' id='word_1_132' title='bbox 477 2188 643 2269; x_wconf 82' lang='lat' dir='ltr'>Explicare</span> <span class='ocrx_word' id='word_1_133' title='bbox 664 2191 810 2266; x_wconf 80' lang='lat' dir='ltr'>conatuS,</span> <span class='ocrx_word' id='word_1_134' title='bbox 841 2209 925 2270; x_wconf 88' lang='lat' dir='ltr'>quae</span> <span class='ocrx_word' id='word_1_135' title='bbox 947 2190 1028 2254; x_wconf 89' lang='lat' dir='ltr'>ratio</span> <span class='ocrx_word' id='word_1_136' title='bbox 1053 2192 1265 2272; x_wconf 90' lang='lat' dir='ltr'>componendi</span> 
     </span>
     <span class='ocr_line' id='line_1_18' title="bbox 112 2287 1264 2371; baseline 0 -16"><span class='ocrx_word' id='word_1_137' title='bbox 112 2297 184 2355; x_wconf 84' lang='lat' dir='ltr'>esset</span> <span class='ocrx_word' id='word_1_138' title='bbox 219 2292 300 2355; x_wconf 90' lang='lat' dir='ltr'>inter</span> <span class='ocrx_word' id='word_1_139' title='bbox 329 2287 529 2354; x_wconf 88' lang='lat' dir='ltr'>substantiva</span> <span class='ocrx_word' id='word_1_140' title='bbox 560 2290 591 2351; x_wconf 90' lang='lat' dir='ltr'>et</span> <span class='ocrx_word' id='word_1_141' title='bbox 626 2288 800 2366; x_wconf 86' lang='lat' dir='ltr'>adiectiva,</span> <span class='ocrx_word' id='word_1_142' title='bbox 846 2289 1062 2353; x_wconf 81' lang='lat' dir='ltr'>demonstravi</span> <span class='ocrx_word' id='word_1_143' title='bbox 1095 2290 1264 2371; x_wconf 86' lang='lat' dir='ltr'>plerasque</span> 
     </span>
     <span class='ocr_line' id='line_1_19' title="bbox 113 2388 1263 2472; baseline 0 -18"><span class='ocrx_word' id='word_1_144' title='bbox 113 2392 273 2456; x_wconf 88' lang='lat' dir='ltr'>verborum</span> <span class='ocrx_word' id='word_1_145' title='bbox 308 2389 553 2470; x_wconf 84' lang='lat' dir='ltr'>compositiones</span> <span class='ocrx_word' id='word_1_146' title='bbox 586 2407 752 2451; x_wconf 88' lang='lat' dir='ltr'>caesuram</span> <span class='ocrx_word' id='word_1_147' title='bbox 782 2388 954 2469; x_wconf 89' lang='lat' dir='ltr'>attingere;</span> <span class='ocrx_word' id='word_1_148' title='bbox 995 2390 1126 2471; x_wconf 86' lang='lat' dir='ltr'>exposui</span> <span class='ocrx_word' id='word_1_149' title='bbox 1158 2409 1263 2472; x_wconf 89' lang='lat' dir='ltr'>porro,</span> 
     </span>
     <span class='ocr_line' id='line_1_20' title="bbox 114 2487 1265 2574; baseline -0.002 -18"><span class='ocrx_word' id='word_1_150' title='bbox 114 2493 215 2574; x_wconf 88' lang='lat' dir='ltr'>quales</span> <span class='ocrx_word' id='word_1_151' title='bbox 241 2493 361 2564; x_wconf 88' lang='lat' dir='ltr'>essent,</span> <span class='ocrx_word' id='word_1_152' title='bbox 391 2493 423 2553; x_wconf 88' lang='lat' dir='ltr'>et</span> <span class='ocrx_word' id='word_1_153' title='bbox 449 2488 611 2570; x_wconf 89' lang='lat' dir='ltr'>quomodo</span> <span class='ocrx_word' id='word_1_154' title='bbox 640 2487 762 2568; x_wconf 90' lang='lat' dir='ltr'>antiqui</span> <span class='ocrx_word' id='word_1_155' title='bbox 792 2489 993 2567; x_wconf 82' lang='lat' dir='ltr'>grammatici</span> <span class='ocrx_word' id='word_1_156' title='bbox 1022 2489 1055 2556; x_wconf 91' lang='lat' dir='ltr'>in</span> <span class='ocrx_word' id='word_1_157' title='bbox 1084 2490 1265 2554; x_wconf 84' lang='lat' dir='ltr'>derivandis</span> 
     </span>
     <span class='ocr_line' id='line_1_21' title="bbox 114 2586 1264 2669; baseline 0 -16"><span class='ocrx_word' id='word_1_158' title='bbox 114 2593 213 2655; x_wconf 88' lang='lat' dir='ltr'>metris</span> <span class='ocrx_word' id='word_1_159' title='bbox 262 2609 411 2654; x_wconf 88' lang='lat' dir='ltr'>caesuras</span> <span class='ocrx_word' id='word_1_160' title='bbox 461 2587 541 2650; x_wconf 86' lang='lat' dir='ltr'>lixas</span> <span class='ocrx_word' id='word_1_161' title='bbox 583 2586 803 2650; x_wconf 89' lang='lat' dir='ltr'>reddidissent.</span> <span class='ocrx_word' id='word_1_162' title='bbox 863 2589 970 2669; x_wconf 89' lang='lat' dir='ltr'>Atque</span> <span class='ocrx_word' id='word_1_163' title='bbox 1011 2589 1071 2652; x_wconf 86' lang='lat' dir='ltr'>has</span> <span class='ocrx_word' id='word_1_164' title='bbox 1114 2590 1264 2653; x_wconf 88' lang='lat' dir='ltr'>observa-</span> 
     </span>
    </p>
   </div>
   <div class='ocr_carea' id='block_1_6' title="bbox 115 2688 1357 2772">
    <p class='ocr_par' dir='ltr' id='par_1_6' title="bbox 115 2688 1357 2772">
     <span class='ocr_line' id='line_1_22' title="bbox 115 2688 1357 2772; baseline -0.002 -18"><span class='ocrx_word' id='word_1_165' title='bbox 115 2691 205 2756; x_wconf 88' lang='lat' dir='ltr'>tiones</span> <span class='ocrx_word' id='word_1_166' title='bbox 232 2689 354 2771; x_wconf 91' lang='lat' dir='ltr'>aliquid</span> <span class='ocrx_word' id='word_1_167' title='bbox 389 2688 541 2752; x_wconf 84' lang='lat' dir='ltr'>allaturas</span> <span class='ocrx_word' id='word_1_168' title='bbox 568 2706 635 2749; x_wconf 88' lang='lat' dir='ltr'>esse</span> <span class='ocrx_word' id='word_1_169' title='bbox 671 2706 780 2767; x_wconf 89' lang='lat' dir='ltr'>spero,</span> <span class='ocrx_word' id='word_1_170' title='bbox 809 2692 844 2751; x_wconf 93' lang='lat' dir='ltr'>ut</span> <span class='ocrx_word' id='word_1_171' title='bbox 867 2688 991 2752; x_wconf 89' lang='lat' dir='ltr'>Horatii</span> <span class='ocrx_word' id='word_1_172' title='bbox 1017 2709 1093 2753; x_wconf 92' lang='lat' dir='ltr'>usus</span> <span class='ocrx_word' id='word_1_173' title='bbox 1119 2690 1264 2772; x_wconf 88' lang='lat' dir='ltr'>ratioque</span> <span class='ocrx_word' id='word_1_174' title='bbox 1356 2737 1357 2741; x_wconf 65' lang='lat'>,</span> 
     </span>
    </p>
   </div>
   <div class='ocr_carea' id='block_1_7' title="bbox 116 2787 1265 3070">
    <p class='ocr_par' dir='ltr' id='par_1_7' title="bbox 116 2787 1265 3070">
     <span class='ocr_line' id='line_1_23' title="bbox 116 2787 1264 2871; baseline 0.001 -19"><span class='ocrx_word' id='word_1_175' title='bbox 116 2791 204 2855; x_wconf 88' lang='lat' dir='ltr'>verba</span> <span class='ocrx_word' id='word_1_176' title='bbox 231 2788 444 2871; x_wconf 91' lang='lat' dir='ltr'>componendi</span> <span class='ocrx_word' id='word_1_177' title='bbox 463 2788 546 2850; x_wconf 92' lang='lat' dir='ltr'>bene</span> <span class='ocrx_word' id='word_1_178' title='bbox 570 2791 788 2867; x_wconf 85' lang='lat' dir='ltr'>cognoscatur.</span> <span class='ocrx_word' id='word_1_179' title='bbox 832 2787 922 2865; x_wconf 81' lang='lat' dir='ltr'>Quae</span> <span class='ocrx_word' id='word_1_180' title='bbox 944 2809 994 2852; x_wconf 89' lang='lat' dir='ltr'>res</span> <span class='ocrx_word' id='word_1_181' title='bbox 1016 2789 1146 2853; x_wconf 91' lang='lat' dir='ltr'>omnino</span> <span class='ocrx_word' id='word_1_182' title='bbox 1171 2790 1264 2870; x_wconf 85' lang='lat' dir='ltr'>longe</span> 
     </span>
     <span class='ocr_line' id='line_1_24' title="bbox 116 2888 1265 2970; baseline 0 -18"><span class='ocrx_word' id='word_1_183' title='bbox 116 2891 280 2954; x_wconf 88' lang='lat' dir='ltr'>evidentius</span> <span class='ocrx_word' id='word_1_184' title='bbox 302 2888 504 2970; x_wconf 91' lang='lat' dir='ltr'>perspicitur,</span> <span class='ocrx_word' id='word_1_185' title='bbox 534 2888 559 2950; x_wconf 93' lang='lat' dir='ltr'>si</span> <span class='ocrx_word' id='word_1_186' title='bbox 582 2891 788 2968; x_wconf 87' lang='lat' dir='ltr'>comparatur</span> <span class='ocrx_word' id='word_1_187' title='bbox 809 2907 883 2951; x_wconf 88' lang='lat' dir='ltr'>omn</span> <span class='ocrx_word' id='word_1_188' title='bbox 906 2907 1017 2951; x_wconf 89' lang='lat' dir='ltr'>eorum</span> <span class='ocrx_word' id='word_1_189' title='bbox 1037 2889 1265 2952; x_wconf 90' lang='lat' dir='ltr'>consuetudine</span> 
     </span>
     <span class='ocr_line' id='line_1_25' title="bbox 116 2985 1263 3070; baseline 0.001 -18"><span class='ocrx_word' id='word_1_190' title='bbox 116 2989 163 3070; x_wconf 90' lang='lat' dir='ltr'>qui</span> <span class='ocrx_word' id='word_1_191' title='bbox 184 2994 214 3053; x_wconf 91' lang='lat' dir='ltr'>et</span> <span class='ocrx_word' id='word_1_192' title='bbox 234 2994 309 3054; x_wconf 87' lang='lat' dir='ltr'>ante</span> <span class='ocrx_word' id='word_1_193' title='bbox 331 2992 363 3052; x_wconf 89' lang='lat' dir='ltr'>et</span> <span class='ocrx_word' id='word_1_194' title='bbox 384 2991 456 3070; x_wconf 91' lang='lat' dir='ltr'>post</span> <span class='ocrx_word' id='word_1_195' title='bbox 477 2985 647 3050; x_wconf 87' lang='lat' dir='ltr'>Horatium</span> <span class='ocrx_word' id='word_1_196' title='bbox 669 2986 718 3049; x_wconf 91' lang='lat' dir='ltr'>his</span> <span class='ocrx_word' id='word_1_197' title='bbox 740 2987 848 3050; x_wconf 89' lang='lat' dir='ltr'>metris</span> <span class='ocrx_word' id='word_1_198' title='bbox 870 2987 1014 3051; x_wconf 88' lang='lat' dir='ltr'>carmina</span> <span class='ocrx_word' id='word_1_199' title='bbox 1044 2989 1263 3053; x_wconf 89' lang='lat' dir='ltr'>condiderunt.</span> 
     </span>
    </p>
   </div>
   <div class='ocr_carea' id='block_1_8' title="bbox 176 3182 1154 3254">
    <p class='ocr_par' dir='ltr' id='par_1_8' title="bbox 176 3182 1154 3254">
     <span class='ocr_line' id='line_1_26' title="bbox 176 3182 1154 3254; baseline 0.001 -17"><span class='ocrx_word' id='word_1_200' title='bbox 176 3184 201 3254; x_wconf 91' lang='grc'>1)</span> <span class='ocrx_word' id='word_1_201' title='bbox 218 3186 271 3239; x_wconf 85' lang='lat' dir='ltr'>Zur</span> <span class='ocrx_word' id='word_1_202' title='bbox 285 3183 482 3254; x_wconf 82' lang='lat' dir='ltr'>wortstclluug</span> <span class='ocrx_word' id='word_1_203' title='bbox 500 3182 530 3236; x_wconf 88' lang='lat' dir='ltr'>iu</span> <span class='ocrx_word' id='word_1_204' title='bbox 547 3183 601 3236; x_wconf 86' lang='lat' dir='ltr'>dan</span> <span class='ocrx_word' id='word_1_205' title='bbox 620 3182 688 3236; x_wconf 90' lang='lat' dir='ltr'>oden</span> <span class='ocrx_word' id='word_1_206' title='bbox 708 3182 755 3236; x_wconf 82' lang='lat' dir='ltr'>des</span> <span class='ocrx_word' id='word_1_207' title='bbox 771 3182 860 3236; x_wconf 86' lang='lat' dir='ltr'>Horaz</span> <span class='ocrx_word' id='word_1_208' title='bbox 879 3199 906 3250; x_wconf 92' lang='lat' dir='ltr'>p.</span> <span class='ocrx_word' id='word_1_209' title='bbox 924 3183 1023 3246; x_wconf 87' lang='lat' dir='ltr'>6-lt,</span> <span class='ocrx_word' id='word_1_210' title='bbox 1044 3183 1154 3238; x_wconf 81' lang='lat'>23-29.</span> 
     </span>
    </p>
   </div>
   <div class='ocr_carea' id='block_1_9' title="bbox 117 3284 1264 3443">
    <p class='ocr_par' dir='ltr' id='par_1_9' title="bbox 117 3284 1264 3443">
     <span class='ocr_line' id='line_1_27' title="bbox 175 3284 1264 3356; baseline 0.002 -18"><span class='ocrx_word' id='word_1_211' title='bbox 175 3287 200 3356; x_wconf 84' lang='lat'>2)</span> <span class='ocrx_word' id='word_1_212' title='bbox 217 3286 324 3342; x_wconf 84' lang='lat' dir='ltr'>Similia</span> <span class='ocrx_word' id='word_1_213' title='bbox 341 3286 474 3340; x_wconf 84' lang='lat' dir='ltr'>nonnulla</span> <span class='ocrx_word' id='word_1_214' title='bbox 493 3285 523 3340; x_wconf 91' lang='lat' dir='ltr'>in</span> <span class='ocrx_word' id='word_1_215' title='bbox 541 3284 770 3354; x_wconf 79' lang='lat' dir='ltr'>hendecasyllabo</span> <span class='ocrx_word' id='word_1_216' title='bbox 790 3285 932 3354; x_wconf 80' lang='lat' dir='ltr'>phalaecio</span> <span class='ocrx_word' id='word_1_217' title='bbox 952 3286 1109 3341; x_wconf 84' lang='lat' dir='ltr'>observavit</span> <span class='ocrx_word' id='word_1_218' title='bbox 1127 3287 1264 3342; x_wconf 65' lang='grc'><strong>1111111-</strong></span> 
     </span>
     <span class='ocr_line' id='line_1_28' title="bbox 117 3370 956 3443; baseline 0.002 -18"><span class='ocrx_word' id='word_1_219' title='bbox 117 3371 224 3440; x_wconf 77' lang='lat' dir='ltr'>hender,</span> <span class='ocrx_word' id='word_1_220' title='bbox 241 3372 347 3430; x_wconf 83' lang='lat' dir='ltr'>Valerii</span> <span class='ocrx_word' id='word_1_221' title='bbox 364 3371 504 3428; x_wconf 77' lang='lat' dir='ltr'>Martialis</span> <span class='ocrx_word' id='word_1_222' title='bbox 522 3372 742 3443; x_wconf 77' lang='lat' dir='ltr'>epigrammaton</span> <span class='ocrx_word' id='word_1_223' title='bbox 757 3370 822 3425; x_wconf 85' lang='lat' dir='ltr'>libri</span> <span class='ocrx_word' id='word_1_224' title='bbox 838 3372 850 3425; x_wconf 87' lang='lat'><em>1</em></span> <span class='ocrx_word' id='word_1_225' title='bbox 868 3390 894 3440; x_wconf 94' lang='lat' dir='ltr'>p.</span> <span class='ocrx_word' id='word_1_226' title='bbox 915 3374 956 3427; x_wconf 84' lang='lat'>29.</span> 
     </span>
    </p>
   </div>
   <div class='ocr_carea' id='block_1_10' title="bbox 0 0 1645 5102">
    <p class='ocr_par' dir='ltr' id='par_1_10' title="bbox 0 0 1645 5102">
     <span class='ocr_line' id='line_1_29' title="bbox 0 0 1645 5102; baseline 0 0"><span class='ocrx_word' id='word_1_227' title='bbox 0 0 1645 5102; x_wconf 95' lang='lat' dir='ltr'> </span> 
     </span>
    </p>
   </div>
  </div>
 </body>
</html>
