<?xml version="1.0" encoding="UTF-8"?>
<!DOCTYPE html PUBLIC "-//W3C//DTD XHTML 1.0 Transitional//EN"
    "http://www.w3.org/TR/xhtml1/DTD/xhtml1-transitional.dtd">
<html xmlns="http://www.w3.org/1999/xhtml" xml:lang="en" lang="en">
 <head>
  <title>
</title>
<meta http-equiv="Content-Type" content="text/html;charset=utf-8" />
  <meta name='ocr-system' content='tesseract 3.04.00' />
  <meta name='ocr-capabilities' content='ocr_page ocr_carea ocr_par ocr_line ocrx_word'/>
</head>
<body>
  <div class='ocr_page' id='page_1' title='image "./demetrorumlyric00reicgoog_0023.png"; bbox 0 0 3262 5102; ppageno 0'>
   <div class='ocr_carea' id='block_1_1' title="bbox 944 479 984 546">
    <p class='ocr_par' dir='ltr' id='par_1_1' title="bbox 944 479 984 546">
     <span class='ocr_line' id='line_1_1' title="bbox 944 479 984 546; baseline 0.025 -1"><span class='ocrx_word' id='word_1_1' title='bbox 944 479 984 546; x_wconf 74' lang='lat'>14·</span> 
     </span>
    </p>
   </div>
   <div class='ocr_carea' id='block_1_2' title="bbox 497 659 1205 844">
    <p class='ocr_par' dir='ltr' id='par_1_2' title="bbox 497 659 1205 844">
     <span class='ocr_line' id='line_1_2' title="bbox 684 659 1205 742; baseline 0.01 -18"><span class='ocrx_word' id='word_1_2' title='bbox 684 659 837 724; x_wconf 79' lang='lat' dir='ltr'>Virtutem</span> <span class='ocrx_word' id='word_1_3' title='bbox 858 660 1049 727; x_wconf 89' lang='lat' dir='ltr'>incolumem</span> <span class='ocrx_word' id='word_1_4' title='bbox 1071 660 1205 742; x_wconf 81' lang='lat' dir='ltr'>odimuS,</span> 
     </span>
     <span class='ocr_line' id='line_1_3' title="bbox 497 751 1197 844; baseline -0.003 -14"><span class='ocrx_word' id='word_1_5' title='bbox 497 763 662 830; x_wconf 77' lang='lat' dir='ltr'><em>Sublatam</em></span> <span class='ocrx_word' id='word_1_6' title='bbox 684 781 723 825; x_wconf 90' lang='lat' dir='ltr'>ex</span> <span class='ocrx_word' id='word_1_7' title='bbox 744 761 843 824; x_wconf 79' lang='lat' dir='ltr'>acidis</span> <span class='ocrx_word' id='word_1_8' title='bbox 862 760 865 841; x_wconf 99' lang='grc' dir='ltr'>Ι</span> <span class='ocrx_word' id='word_1_9' title='bbox 885 751 1068 844; x_wconf 81' lang='lat' dir='ltr'>quaeiimus</span> <span class='ocrx_word' id='word_1_10' title='bbox 1091 763 1197 828; x_wconf 89' lang='lat' dir='ltr'>invidi.</span> 
     </span>
    </p>
   </div>
   <div class='ocr_carea' id='block_1_3' title="bbox 495 892 1212 1279">
    <p class='ocr_par' dir='ltr' id='par_1_3' title="bbox 495 892 1212 1279">
     <span class='ocr_line' id='line_1_4' title="bbox 676 892 1156 977; baseline 0.01 -22"><span class='ocrx_word' id='word_1_11' title='bbox 676 892 781 971; x_wconf 84' lang='lat' dir='ltr'>Quid</span> <span class='ocrx_word' id='word_1_12' title='bbox 802 893 906 958; x_wconf 78' lang='lat' dir='ltr'>tristes</span> <span class='ocrx_word' id='word_1_13' title='bbox 929 895 1156 977; x_wconf 81' lang='lat' dir='ltr'>querimoniae,</span> 
     </span>
     <span class='ocr_line' id='line_1_5' title="bbox 496 992 1117 1076; baseline -0.005 -14"><span class='ocrx_word' id='word_1_14' title='bbox 496 999 529 1062; x_wconf 87' lang='lat' dir='ltr'>Si</span> <span class='ocrx_word' id='word_1_15' title='bbox 550 1015 615 1061; x_wconf 90' lang='lat' dir='ltr'>non</span> <span class='ocrx_word' id='word_1_16' title='bbox 637 993 792 1076; x_wconf 89' lang='lat' dir='ltr'>supplicio</span> <span class='ocrx_word' id='word_1_17' title='bbox 811 992 814 1073; x_wconf 98' lang='grc' dir='ltr'>Ι</span> <span class='ocrx_word' id='word_1_18' title='bbox 834 994 937 1075; x_wconf 62' lang='lat' dir='ltr'>culpav</span> <span class='ocrx_word' id='word_1_19' title='bbox 950 994 1117 1071; x_wconf 89' lang='lat' dir='ltr'>reciditur;</span> 
     </span>
     <span class='ocr_line' id='line_1_6' title="bbox 674 1093 1133 1174; baseline 0.009 -18"><span class='ocrx_word' id='word_1_20' title='bbox 674 1093 779 1173; x_wconf 91' lang='lat' dir='ltr'>Quid</span> <span class='ocrx_word' id='word_1_21' title='bbox 798 1093 883 1174; x_wconf 81' lang='lat' dir='ltr'>leges</span> <span class='ocrx_word' id='word_1_22' title='bbox 906 1093 973 1157; x_wconf 89' lang='lat' dir='ltr'>sine</span> <span class='ocrx_word' id='word_1_23' title='bbox 991 1095 1133 1160; x_wconf 85' lang='lat' dir='ltr'>moribus</span> 
     </span>
     <span class='ocr_line' id='line_1_7' title="bbox 495 1193 1212 1279; baseline -0.001 -17"><span class='ocrx_word' id='word_1_24' title='bbox 495 1197 605 1262; x_wconf 86' lang='lat' dir='ltr'>Vanae</span> <span class='ocrx_word' id='word_1_25' title='bbox 626 1195 819 1279; x_wconf 82' lang='lat' dir='ltr'>proficiunt?</span> <span class='ocrx_word' id='word_1_26' title='bbox 839 1193 842 1271; x_wconf 92' lang='grc' dir='ltr'>Ι</span> <span class='ocrx_word' id='word_1_27' title='bbox 861 1194 887 1257; x_wconf 89' lang='lat' dir='ltr'>si</span> <span class='ocrx_word' id='word_1_28' title='bbox 907 1213 1012 1276; x_wconf 91' lang='lat' dir='ltr'>neque</span> <span class='ocrx_word' id='word_1_29' title='bbox 1035 1195 1212 1262; x_wconf 85' lang='lat' dir='ltr'>fervidis</span> 
     </span>
    </p>
   </div>
   <div class='ocr_carea' id='block_1_4' title="bbox 410 1325 1184 1708">
    <p class='ocr_par' dir='ltr' id='par_1_4' title="bbox 674 1325 1130 1408">
     <span class='ocr_line' id='line_1_8' title="bbox 674 1325 1130 1408; baseline 0.004 -20"><span class='ocrx_word' id='word_1_30' title='bbox 674 1325 754 1388; x_wconf 90' lang='lat' dir='ltr'>Pars</span> <span class='ocrx_word' id='word_1_31' title='bbox 774 1325 1130 1408; x_wconf 72' lang='lat' dir='ltr'>inclusa&#39;caloribus</span> 
     </span>
    </p>

    <p class='ocr_par' dir='ltr' id='par_1_5' title="bbox 410 1413 1152 1614">
     <span class='ocr_line' id='line_1_9' title="bbox 410 1413 1144 1508; baseline -0.005 -14"><span class='ocrx_word' id='word_1_32' title='bbox 410 1413 413 1418; x_wconf 38' lang='lat'>⁵</span> <span class='ocrx_word' id='word_1_33' title='bbox 494 1427 604 1494; x_wconf 89' lang='lat' dir='ltr'>Mundi</span> <span class='ocrx_word' id='word_1_34' title='bbox 626 1446 685 1490; x_wconf 90' lang='lat' dir='ltr'>nec</span> <span class='ocrx_word' id='word_1_35' title='bbox 707 1427 825 1494; x_wconf 88' lang='lat' dir='ltr'>boreae</span> <span class='ocrx_word' id='word_1_36' title='bbox 845 1424 848 1505; x_wconf 97' lang='grc' dir='ltr'>Ι</span> <span class='ocrx_word' id='word_1_37' title='bbox 867 1425 1038 1508; x_wconf 84' lang='lat' dir='ltr'>finitimum</span> <span class='ocrx_word' id='word_1_38' title='bbox 1062 1427 1144 1490; x_wconf 88' lang='lat' dir='ltr'>latus</span> 
     </span>
     <span class='ocr_line' id='line_1_10' title="bbox 671 1526 1152 1614; baseline 0 -23"><span class='ocrx_word' id='word_1_39' title='bbox 671 1527 927 1614; x_wconf 85' lang='lat' dir='ltr'>Durataeque</span> <span class='ocrx_word' id='word_1_40' title='bbox 948 1526 1014 1589; x_wconf 91' lang='lat' dir='ltr'>solo</span> <span class='ocrx_word' id='word_1_41' title='bbox 1036 1527 1152 1591; x_wconf 92' lang='lat' dir='ltr'>nives</span> 
     </span>
    </p>

    <p class='ocr_par' dir='ltr' id='par_1_6' title="bbox 493 1625 1184 1708">
     <span class='ocr_line' id='line_1_11' title="bbox 493 1625 1184 1708; baseline -0.001 -15"><span class='ocrx_word' id='word_1_42' title='bbox 493 1630 704 1694; x_wconf 87' lang='lat' dir='ltr'>Mercatorem</span> <span class='ocrx_word' id='word_1_43' title='bbox 725 1626 874 1708; x_wconf 83' lang='lat' dir='ltr'>abigunt,</span> <span class='ocrx_word' id='word_1_44' title='bbox 896 1625 899 1706; x_wconf 99' lang='grc' dir='ltr'>Ι</span> <span class='ocrx_word' id='word_1_45' title='bbox 918 1625 1049 1690; x_wconf 87' lang='lat' dir='ltr'>horrida</span> <span class='ocrx_word' id='word_1_46' title='bbox 1071 1627 1184 1692; x_wconf 82' lang='lat' dir='ltr'>caltidi</span> 
     </span>
    </p>
   </div>
   <div class='ocr_carea' id='block_1_5' title="bbox 490 1757 1294 2140">
    <p class='ocr_par' dir='ltr' id='par_1_7' title="bbox 492 1757 1294 2040">
     <span class='ocr_line' id='line_1_12' title="bbox 672 1757 1129 1839; baseline 0.007 -19"><span class='ocrx_word' id='word_1_47' title='bbox 672 1757 811 1821; x_wconf 82' lang='lat' dir='ltr'>Vincunt</span> <span class='ocrx_word' id='word_1_48' title='bbox 830 1777 972 1839; x_wconf 86' lang='lat' dir='ltr'>aequore</span> <span class='ocrx_word' id='word_1_49' title='bbox 993 1760 1129 1839; x_wconf 78' lang='lat' dir='ltr'>navitae,</span> 
     </span>
     <span class='ocr_line' id='line_1_13' title="bbox 492 1857 1294 1941; baseline 0 -16"><span class='ocrx_word' id='word_1_50' title='bbox 492 1862 681 1941; x_wconf 84' lang='lat' dir='ltr'>Magnum</span> <span class='ocrx_word' id='word_1_51' title='bbox 702 1857 872 1938; x_wconf 88' lang='lat' dir='ltr'>pauperies</span> <span class='ocrx_word' id='word_1_52' title='bbox 891 1858 894 1937; x_wconf 97' lang='grc' dir='ltr'>Ι</span> <span class='ocrx_word' id='word_1_53' title='bbox 914 1857 1184 1939; x_wconf 90' lang='lat' dir='ltr'>opprobrium</span> <span class='ocrx_word' id='word_1_54' title='bbox 1208 1861 1294 1925; x_wconf 90' lang='lat' dir='ltr'>iubet</span> 
     </span>
     <span class='ocr_line' id='line_1_14' title="bbox 672 1957 1125 2040; baseline 0.004 -21"><span class='ocrx_word' id='word_1_55' title='bbox 672 1957 805 2035; x_wconf 90' lang='lat' dir='ltr'>Quidvis</span> <span class='ocrx_word' id='word_1_56' title='bbox 827 1961 858 2020; x_wconf 88' lang='lat' dir='ltr'>et</span> <span class='ocrx_word' id='word_1_57' title='bbox 878 1957 983 2020; x_wconf 85' lang='lat' dir='ltr'>tacere</span> <span class='ocrx_word' id='word_1_58' title='bbox 1006 1961 1037 2021; x_wconf 90' lang='lat' dir='ltr'>et</span> <span class='ocrx_word' id='word_1_59' title='bbox 1058 1958 1125 2040; x_wconf 89' lang='lat' dir='ltr'>pati</span> 
     </span>
    </p>

    <p class='ocr_par' dir='ltr' id='par_1_8' title="bbox 490 2056 1194 2140">
     <span class='ocr_line' id='line_1_15' title="bbox 490 2056 1194 2140; baseline 0.001 -19"><span class='ocrx_word' id='word_1_60' title='bbox 490 2057 743 2140; x_wconf 77' lang='lat' dir='ltr'>virtutisque</span> <span class='ocrx_word' id='word_1_61' title='bbox 765 2056 851 2120; x_wconf 89' lang='lat' dir='ltr'>viam</span> <span class='ocrx_word' id='word_1_62' title='bbox 870 2056 874 2137; x_wconf 99' lang='grc' dir='ltr'>Ι</span> <span class='ocrx_word' id='word_1_63' title='bbox 894 2057 1010 2120; x_wconf 89' lang='lat' dir='ltr'>deserit</span> <span class='ocrx_word' id='word_1_64' title='bbox 1031 2058 1194 2122; x_wconf 86' lang='lat' dir='ltr'>arduae.</span> 
     </span>
    </p>
   </div>
   <div class='ocr_carea' id='block_1_6' title="bbox 488 2187 1217 2571">
    <p class='ocr_par' dir='ltr' id='par_1_9' title="bbox 488 2187 1217 2571">
     <span class='ocr_line' id='line_1_16' title="bbox 668 2187 1110 2270; baseline 0.002 -19"><span class='ocrx_word' id='word_1_65' title='bbox 668 2189 739 2254; x_wconf 89' lang='lat' dir='ltr'>Vel</span> <span class='ocrx_word' id='word_1_66' title='bbox 760 2208 833 2251; x_wconf 89' lang='lat' dir='ltr'>nos</span> <span class='ocrx_word' id='word_1_67' title='bbox 854 2188 887 2251; x_wconf 93' lang='lat' dir='ltr'>in</span> <span class='ocrx_word' id='word_1_68' title='bbox 909 2187 1110 2270; x_wconf 81' lang='lat' dir='ltr'>Capitolium,</span> 
     </span>
     <span class='ocr_line' id='line_1_17' title="bbox 490 2289 1217 2369; baseline 0.003 -17"><span class='ocrx_word' id='word_1_69' title='bbox 490 2289 561 2368; x_wconf 91' lang='lat' dir='ltr'>Quo</span> <span class='ocrx_word' id='word_1_70' title='bbox 584 2289 704 2353; x_wconf 89' lang='lat' dir='ltr'>clamor</span> <span class='ocrx_word' id='word_1_71' title='bbox 725 2292 821 2353; x_wconf 89' lang='lat' dir='ltr'>vocat</span> <span class='ocrx_word' id='word_1_72' title='bbox 842 2293 874 2353; x_wconf 91' lang='lat' dir='ltr'>et</span> <span class='ocrx_word' id='word_1_73' title='bbox 893 2289 896 2369; x_wconf 95' lang='grc' dir='ltr'>Ι</span> <span class='ocrx_word' id='word_1_74' title='bbox 915 2289 1011 2352; x_wconf 88' lang='lat' dir='ltr'>turha</span> <span class='ocrx_word' id='word_1_75' title='bbox 1032 2290 1217 2369; x_wconf 83' lang='lat' dir='ltr'>faventium,</span> 
     </span>
     <span class='ocr_line' id='line_1_18' title="bbox 666 2390 1200 2472; baseline 0.002 -18"><span class='ocrx_word' id='word_1_76' title='bbox 666 2390 737 2454; x_wconf 91' lang='lat' dir='ltr'>Vel</span> <span class='ocrx_word' id='word_1_77' title='bbox 760 2410 833 2453; x_wconf 90' lang='lat' dir='ltr'>nos</span> <span class='ocrx_word' id='word_1_78' title='bbox 854 2390 887 2453; x_wconf 92' lang='lat' dir='ltr'>in</span> <span class='ocrx_word' id='word_1_79' title='bbox 908 2409 997 2454; x_wconf 88' lang='lat' dir='ltr'>mare</span> <span class='ocrx_word' id='word_1_80' title='bbox 1018 2391 1200 2472; x_wconf 84' lang='lat' dir='ltr'>proximum</span> 
     </span>
     <span class='ocr_line' id='line_1_19' title="bbox 488 2489 1191 2571; baseline 0 -16"><span class='ocrx_word' id='word_1_81' title='bbox 488 2491 639 2555; x_wconf 87' lang='lat' dir='ltr'>Gemmas</span> <span class='ocrx_word' id='word_1_82' title='bbox 662 2493 693 2554; x_wconf 87' lang='lat' dir='ltr'>et</span> <span class='ocrx_word' id='word_1_83' title='bbox 714 2490 836 2571; x_wconf 86' lang='lat' dir='ltr'>lapides</span> <span class='ocrx_word' id='word_1_84' title='bbox 856 2489 859 2568; x_wconf 97' lang='grc' dir='ltr'>Ι</span> <span class='ocrx_word' id='word_1_85' title='bbox 879 2511 996 2554; x_wconf 73' lang='lat' dir='ltr'>uariam</span> <span class='ocrx_word' id='word_1_86' title='bbox 1018 2494 1049 2554; x_wconf 90' lang='lat' dir='ltr'>et</span> <span class='ocrx_word' id='word_1_87' title='bbox 1070 2492 1191 2570; x_wconf 80' lang='lat' dir='ltr'>inatile,</span> 
     </span>
    </p>
   </div>
   <div class='ocr_carea' id='block_1_7' title="bbox 487 2622 1192 3010">
    <p class='ocr_par' dir='ltr' id='par_1_10' title="bbox 487 2622 1192 3010">
     <span class='ocr_line' id='line_1_20' title="bbox 668 2622 1143 2700; baseline 0.002 -15"><span class='ocrx_word' id='word_1_88' title='bbox 668 2622 820 2685; x_wconf 87' lang='lat' dir='ltr'>Summi</span> <span class='ocrx_word' id='word_1_89' title='bbox 842 2622 1010 2686; x_wconf 81' lang='lat' dir='ltr'>materiem</span> <span class='ocrx_word' id='word_1_90' title='bbox 1031 2623 1143 2700; x_wconf 88' lang='lat' dir='ltr'>mali,</span> 
     </span>
     <span class='ocr_line' id='line_1_21' title="bbox 488 2722 1184 2804; baseline 0 -18"><span class='ocrx_word' id='word_1_91' title='bbox 488 2723 666 2800; x_wconf 77' lang='lat' dir='ltr'>MittarnuS,</span> <span class='ocrx_word' id='word_1_92' title='bbox 688 2722 843 2786; x_wconf 87' lang='lat' dir='ltr'>scelerum</span> <span class='ocrx_word' id='word_1_93' title='bbox 862 2722 911 2802; x_wconf 71' lang='lat' dir='ltr'>tsi</span> <span class='ocrx_word' id='word_1_94' title='bbox 932 2723 1014 2785; x_wconf 90' lang='lat' dir='ltr'>bene</span> <span class='ocrx_word' id='word_1_95' title='bbox 1034 2724 1184 2804; x_wconf 86' lang='lat' dir='ltr'>paenitet.</span> 
     </span>
     <span class='ocr_line' id='line_1_22' title="bbox 666 2819 1024 2904; baseline 0.003 -19"><span class='ocrx_word' id='word_1_96' title='bbox 666 2819 844 2885; x_wconf 80' lang='lat' dir='ltr'>Eradenda</span> <span class='ocrx_word' id='word_1_97' title='bbox 868 2821 1024 2904; x_wconf 82' lang='lat' dir='ltr'>cupidinis</span> 
     </span>
     <span class='ocr_line' id='line_1_23' title="bbox 487 2920 1192 3010; baseline -0.003 -24"><span class='ocrx_word' id='word_1_98' title='bbox 487 2922 584 2986; x_wconf 91' lang='lat' dir='ltr'>Pravi</span> <span class='ocrx_word' id='word_1_99' title='bbox 605 2925 680 2986; x_wconf 86' lang='lat' dir='ltr'>sunt</span> <span class='ocrx_word' id='word_1_100' title='bbox 701 2920 852 3010; x_wconf 80' lang='lat' dir='ltr'>elementa</span> <span class='ocrx_word' id='word_1_101' title='bbox 871 2921 875 3001; x_wconf 88' lang='grc' dir='ltr'>Ι</span> <span class='ocrx_word' id='word_1_102' title='bbox 894 2925 926 2985; x_wconf 89' lang='lat' dir='ltr'>et</span> <span class='ocrx_word' id='word_1_103' title='bbox 946 2925 1075 2986; x_wconf 89' lang='lat' dir='ltr'>tenerae</span> <span class='ocrx_word' id='word_1_104' title='bbox 1098 2922 1192 2986; x_wconf 89' lang='lat' dir='ltr'>nimis</span> 
     </span>
    </p>
   </div>
   <div class='ocr_carea' id='block_1_8' title="bbox 485 3053 1285 3434">
    <p class='ocr_par' dir='ltr' id='par_1_11' title="bbox 485 3053 1285 3334">
     <span class='ocr_line' id='line_1_24' title="bbox 664 3053 1062 3133; baseline 0.003 -17"><span class='ocrx_word' id='word_1_105' title='bbox 664 3053 821 3117; x_wconf 88' lang='lat' dir='ltr'>Montes</span> <span class='ocrx_word' id='word_1_106' title='bbox 843 3053 1062 3133; x_wconf 77' lang='lat' dir='ltr'>asperioribus</span> 
     </span>
     <span class='ocr_line' id='line_1_25' title="bbox 485 3151 1285 3235; baseline 0 -16"><span class='ocrx_word' id='word_1_107' title='bbox 485 3152 743 3219; x_wconf 90' lang='lat' dir='ltr'>Formandae</span> <span class='ocrx_word' id='word_1_108' title='bbox 764 3152 891 3218; x_wconf 79' lang='lat' dir='ltr'>stadiis.</span> <span class='ocrx_word' id='word_1_109' title='bbox 912 3151 916 3231; x_wconf 96' lang='grc' dir='ltr'>Ι</span> <span class='ocrx_word' id='word_1_110' title='bbox 934 3152 1042 3216; x_wconf 86' lang='lat' dir='ltr'>Nescit</span> <span class='ocrx_word' id='word_1_111' title='bbox 1063 3172 1146 3235; x_wconf 88' lang='lat' dir='ltr'>equo</span> <span class='ocrx_word' id='word_1_112' title='bbox 1170 3156 1285 3219; x_wconf 90' lang='lat' dir='ltr'>rudis</span> 
     </span>
     <span class='ocr_line' id='line_1_26' title="bbox 667 3252 1106 3334; baseline 0.002 -19"><span class='ocrx_word' id='word_1_113' title='bbox 667 3252 807 3317; x_wconf 86' lang='lat' dir='ltr'>Haerere</span> <span class='ocrx_word' id='word_1_114' title='bbox 829 3252 985 3334; x_wconf 82' lang='lat' dir='ltr'>ingenuus</span> <span class='ocrx_word' id='word_1_115' title='bbox 1005 3272 1106 3334; x_wconf 92' lang='lat' dir='ltr'>puer</span> 
     </span>
    </p>

    <p class='ocr_par' dir='ltr' id='par_1_12' title="bbox 486 3352 1150 3434">
     <span class='ocr_line' id='line_1_27' title="bbox 486 3352 1150 3434; baseline 0.002 -19"><span class='ocrx_word' id='word_1_116' title='bbox 486 3353 667 3434; x_wconf 77' lang='lat' dir='ltr'>Venerique</span> <span class='ocrx_word' id='word_1_117' title='bbox 689 3352 795 3429; x_wconf 89' lang='lat' dir='ltr'>timet,</span> <span class='ocrx_word' id='word_1_118' title='bbox 816 3352 819 3432; x_wconf 97' lang='grc' dir='ltr'>Ι</span> <span class='ocrx_word' id='word_1_119' title='bbox 838 3353 947 3416; x_wconf 88' lang='lat' dir='ltr'>ludere</span> <span class='ocrx_word' id='word_1_120' title='bbox 971 3353 1150 3430; x_wconf 88' lang='lat' dir='ltr'>doctior,</span> 
     </span>
    </p>
   </div>
   <div class='ocr_carea' id='block_1_9' title="bbox 486 3477 1207 3864">
    <p class='ocr_par' dir='ltr' id='par_1_13' title="bbox 487 3477 1207 3664">
     <span class='ocr_line' id='line_1_28' title="bbox 665 3477 1207 3548; baseline 0.007 -4"><span class='ocrx_word' id='word_1_121' title='bbox 665 3477 731 3547; x_wconf 83' lang='lat' dir='ltr'>Seu</span> <span class='ocrx_word' id='word_1_122' title='bbox 752 3482 907 3548; x_wconf 85' lang='lat' dir='ltr'>Graeco</span> <span class='ocrx_word' id='word_1_123' title='bbox 929 3483 1040 3548; x_wconf 87' lang='lat' dir='ltr'>iubeas</span> <span class='ocrx_word' id='word_1_124' title='bbox 1060 3483 1207 3548; x_wconf 89' lang='lat' dir='ltr'>trocho</span> 
     </span>
     <span class='ocr_line' id='line_1_29' title="bbox 487 3578 1048 3664; baseline 0.004 -20"><span class='ocrx_word' id='word_1_125' title='bbox 487 3578 553 3647; x_wconf 83' lang='lat' dir='ltr'>Seu</span> <span class='ocrx_word' id='word_1_126' title='bbox 573 3583 666 3646; x_wconf 85' lang='lat' dir='ltr'>malis</span> <span class='ocrx_word' id='word_1_127' title='bbox 686 3583 781 3646; x_wconf 82' lang='lat' dir='ltr'>uetita</span> <span class='ocrx_word' id='word_1_128' title='bbox 802 3581 806 3662; x_wconf 97' lang='grc' dir='ltr'>Ι</span> <span class='ocrx_word' id='word_1_129' title='bbox 825 3583 946 3664; x_wconf 81' lang='lat' dir='ltr'>legibus</span> <span class='ocrx_word' id='word_1_130' title='bbox 967 3583 1048 3660; x_wconf 78' lang='lat' dir='ltr'>alea,</span> 
     </span>
    </p>

    <p class='ocr_par' dir='ltr' id='par_1_14' title="bbox 486 3680 1189 3864">
     <span class='ocr_line' id='line_1_30' title="bbox 664 3680 1186 3763; baseline 0.002 -18"><span class='ocrx_word' id='word_1_131' title='bbox 664 3680 746 3745; x_wconf 76' lang='lat' dir='ltr'>(turn</span> <span class='ocrx_word' id='word_1_132' title='bbox 768 3680 938 3762; x_wconf 91' lang='lat' dir='ltr'>periura</span> <span class='ocrx_word' id='word_1_133' title='bbox 959 3682 1059 3763; x_wconf 85' lang='lat' dir='ltr'>patris</span> <span class='ocrx_word' id='word_1_134' title='bbox 1079 3683 1186 3746; x_wconf 90' lang='lat' dir='ltr'>fides</span> 
     </span>
     <span class='ocr_line' id='line_1_31' title="bbox 486 3779 1189 3864; baseline 0 -18"><span class='ocrx_word' id='word_1_135' title='bbox 486 3781 673 3848; x_wconf 86' lang='lat' dir='ltr'>Consortem</span> <span class='ocrx_word' id='word_1_136' title='bbox 695 3781 816 3846; x_wconf 89' lang='lat' dir='ltr'>socium</span> <span class='ocrx_word' id='word_1_137' title='bbox 835 3779 839 3860; x_wconf 97' lang='grc' dir='ltr'>Ι</span> <span class='ocrx_word' id='word_1_138' title='bbox 858 3781 947 3846; x_wconf 88' lang='lat' dir='ltr'>fallat</span> <span class='ocrx_word' id='word_1_139' title='bbox 968 3785 999 3845; x_wconf 90' lang='lat' dir='ltr'>et</span> <span class='ocrx_word' id='word_1_140' title='bbox 1022 3782 1189 3864; x_wconf 90' lang='lat' dir='ltr'>hospitem,</span> 
     </span>
    </p>
   </div>
   <div class='ocr_carea' id='block_1_10' title="bbox 485 3912 1231 4296">
    <p class='ocr_par' dir='ltr' id='par_1_15' title="bbox 485 3912 1204 4095">
     <span class='ocr_line' id='line_1_32' title="bbox 663 3912 1204 3993; baseline 0.002 -18"><span class='ocrx_word' id='word_1_141' title='bbox 663 3912 908 3993; x_wconf 80' lang='lat' dir='ltr'>Indignoque</span> <span class='ocrx_word' id='word_1_142' title='bbox 929 3912 1100 3993; x_wconf 85' lang='lat' dir='ltr'>pecuniam</span> <span class='ocrx_word' id='word_1_143' title='bbox 1201 3959 1204 3965; x_wconf 19' lang='grc' dir='ltr'><strong><em>Δ</em></strong></span> 
     </span>
     <span class='ocr_line' id='line_1_33' title="bbox 485 4011 1162 4095; baseline 0.003 -21"><span class='ocrx_word' id='word_1_144' title='bbox 485 4011 638 4075; x_wconf 90' lang='lat' dir='ltr'>Heredi</span> <span class='ocrx_word' id='word_1_145' title='bbox 661 4016 819 4094; x_wconf 88' lang='lat' dir='ltr'>properet.</span> <span class='ocrx_word' id='word_1_146' title='bbox 840 4011 843 4092; x_wconf 97' lang='grc' dir='ltr'>Ι</span> <span class='ocrx_word' id='word_1_147' title='bbox 862 4011 989 4076; x_wconf 89' lang='lat' dir='ltr'>Scilicet</span> <span class='ocrx_word' id='word_1_148' title='bbox 1007 4013 1162 4095; x_wconf 89' lang='lat' dir='ltr'>inprobae</span> 
     </span>
    </p>

    <p class='ocr_par' dir='ltr' id='par_1_16' title="bbox 486 4111 1231 4296">
     <span class='ocr_line' id='line_1_34' title="bbox 666 4111 1116 4190; baseline 0.002 -14"><span class='ocrx_word' id='word_1_149' title='bbox 666 4111 820 4176; x_wconf 84' lang='lat' dir='ltr'>Crescunt</span> <span class='ocrx_word' id='word_1_150' title='bbox 839 4112 984 4190; x_wconf 80' lang='lat' dir='ltr'>divitiae3</span> <span class='ocrx_word' id='word_1_151' title='bbox 1007 4117 1116 4177; x_wconf 87' lang='lat' dir='ltr'>tamen</span> 
     </span>
     <span class='ocr_line' id='line_1_35' title="bbox 486 4212 1231 4296; baseline -0.001 -20"><span class='ocrx_word' id='word_1_152' title='bbox 486 4213 638 4277; x_wconf 86' lang='lat' dir='ltr'>Curtae</span> <span class='ocrx_word' id='word_1_153' title='bbox 659 4213 765 4276; x_wconf 89' lang='lat' dir='ltr'>nescio</span> <span class='ocrx_word' id='word_1_154' title='bbox 787 4212 865 4294; x_wconf 87' lang='lat' dir='ltr'>quid</span> <span class='ocrx_word' id='word_1_155' title='bbox 883 4213 887 4292; x_wconf 97' lang='grc' dir='ltr'>Ι</span> <span class='ocrx_word' id='word_1_156' title='bbox 906 4233 1032 4296; x_wconf 88' lang='lat' dir='ltr'>semper</span> <span class='ocrx_word' id='word_1_157' title='bbox 1052 4215 1143 4278; x_wconf 86' lang='lat' dir='ltr'>abest</span> <span class='ocrx_word' id='word_1_158' title='bbox 1163 4214 1231 4276; x_wconf 88' lang='lat' dir='ltr'>roi.</span> 
     </span>
    </p>
   </div>
   <div class='ocr_carea' id='block_1_11' title="bbox 797 4365 1085 4372">
    <p class='ocr_par' dir='ltr' id='par_1_17' title="bbox 797 4365 1085 4372">
     <span class='ocr_line' id='line_1_36' title="bbox 797 4365 1085 4372; baseline 0.003 -3"><span class='ocrx_word' id='word_1_159' title='bbox 797 4365 1034 4372; x_wconf 70' lang='lat'>——-—---.-</span> <span class='ocrx_word' id='word_1_160' title='bbox 1044 4365 1085 4371; x_wconf 68' lang='lat'>-—</span> 
     </span>
    </p>
   </div>
   <div class='ocr_carea' id='block_1_12' title="bbox 0 0 1636 5102">
    <p class='ocr_par' dir='ltr' id='par_1_18' title="bbox 0 0 1636 5102">
     <span class='ocr_line' id='line_1_37' title="bbox 0 0 1636 5102; baseline 0 5"><span class='ocrx_word' id='word_1_161' title='bbox 0 0 1636 5102; x_wconf 95' lang='lat' dir='ltr'> </span> 
     </span>
    </p>
   </div>
  </div>
 </body>
</html>
